4592 5766
342 1881 445 1953 Natus
465 1908 524 1947 sum
549 1891 770 1949 iomannes
788 1892 977 1950 ircosus
996 1893 1112 1951 roem
1139 1911 1164 1949 a.
1184 1894 1209 1949 r.
1229 1895 1306 1949 mn.
1325 1895 1389 1950 nar.
1409 1895 1489 1949 use.
1510 1896 1534 1950 h.
1555 1913 1576 1950 s.
1596 1895 1756 1950 surrexe
1781 1875 1808 1950 r'n
1828 1896 1887 1950 veo
1906 1897 2032 1966 nauger-

221 2018 324 2074 selbold
337 2023 417 2089 patre
430 2017 573 2084 Guilelma‚
593 2021 680 2071 matre
694 2017 843 2072 catharina
862 2022 969 2088 egente
981 2018 1128 2074 Bauscher.
1141 2019 1237 2074 Fidem
1249 2019 1377 2088 profiteor
1389 2019 1585 2088 evangelicam.
1604 2019 1704 2074 Primis
1720 2020 1877 2075 litterarum
1890 2021 2032 2076 elementis

221 2143 341 2198 imbutus
360 2159 424 2198 vere
442 2159 467 2197 a
481 2143 600 2198 LXXIII
619 2143 645 2196 in
664 2143 835 2211 gymnasium
853 2144 1024 2198 Haucviense
1044 2151 1169 2214 receptus
1188 2160 1256 2212 sum,
1276 2145 1354 2199 cuiue
1372 2159 1421 2214 per
1440 2145 1508 2198 VIII
1528 2161 1612 2199 annes
1631 2144 1778 2214 discipulus
1797 2145 1847 2200 fui.
1884 2147 2032 2214 Postquam

221 2283 336 2322 examen
354 2266 525 2322 maturitatis
544 2267 645 2322 liertio
664 2283 755 2322 mense
773 2284 798 2322 a.
818 2268 933 2322 LXXXI
952 2269 1089 2336 superavi,
1117 2268 1195 2323 initio
1222 2269 1392 2337 insequentis
1420 2269 1561 2325 semestris
1589 2270 1687 2324 aestivi
1715 2270 1744 2324 iu
1762 2285 1904 2325 numerum
1931 2271 2031 2326 civium

221 2391 378 2446 academiae
396 2391 567 2460 Philippinae
586 2391 691 2446 relatus
710 2407 778 2460 sum,
797 2397 829 2447 ut
848 2391 992 2461 philologus
1010 2392 1111 2446 studiis
1130 2409 1240 2461 operam
1258 2394 1359 2449 darem.
1379 2396 1517 2449 Autumno
1536 2411 1562 2450 a.
1581 2396 1711 2450 LXXXII
1727 2395 1848 2464 Lipsiam
1866 2412 1908 2450 me
1921 2397 2031 2466 contult,

221 2513 268 2570 ubi
293 2531 342 2584 per
367 2531 416 2570 sex
443 2531 548 2570 meuses
576 2514 603 2568 iu
631 2516 739 2570 lItteras
764 2515 888 2583 incubui3
908 2531 972 2571 vere
990 2534 1015 2572 a
1034 2516 1180 2570 LXXXIII
1199 2517 1233 2571 ud
1252 2517 1418 2573 academiam
1438 2519 1660 2588 Marpnrgensem
1677 2520 1785 2573 recessi.
1822 2519 1955 2574 Examina
1983 2537 2032 2590 pro

222 2639 356 2695 facultate
374 2639 487 2696 docendi
505 2641 584 2695 initio
611 2641 711 2694 mensis
731 2617 897 2695 Novembris¹
919 2656 943 2695 c.
963 2641 1090 2696 LXXXV
1108 2647 1237 2710 superato
1266 2657 1327 2696 cum
1354 2657 1455 2695 anuum
1483 2640 1601 2695 tirocinii
1629 2640 1807 2710 paedagogici
1834 2642 1862 2696 in
1890 2642 2032 2712 gymnasio

222 2765 444 2819 Francolurtcnsi
463 2764 645 2834 perlecissem,
664 2781 680 2818 a
699 2765 761 2820 Kal.
781 2765 841 2820 Oct.
861 2781 886 2819 a.
905 2765 1046 2819 LXXXVI
1065 2765 1128 2820 inde
1147 2781 1232 2832 usque
1251 2765 1285 2818 ad
1304 2764 1366 2819 Kal.
1386 2764 1445 2820 Oct.
1465 2781 1490 2819 a.
1510 2765 1665 2820 LXXXVII
1684 2766 1835 2836 Marpergi,
1852 2767 2030 2836 Mogentiaci

222 2891 363 2947 Haucviae
391 2891 529 2961 stipendia
556 2891 650 2946 merui.
670 2891 878 2946 Francqurtum
899 2905 1024 2945 reversus
1046 2891 1075 2945 iu
1092 2895 1207 2957 utreque
1227 2889 1367 2958 gymnasio
1386 2895 1415 2944 et
1435 2889 1462 2944 iu
1482 2889 1582 2958 schola,
1601 2905 1670 2956 quae
1689 2897 1803 2944 vocatur
1822 2891 2030 2960 llrrsterschule‚

223 3015 349 3085 magistri
375 3016 434 3072 rice
460 3017 571 3071 functus
597 3032 656 3070 sum
684 3031 769 3084 usque
797 3015 831 3069 ad
850 3015 913 3070 Kal.
939 3015 998 3071 Oct.
1018 3031 1043 3068 a.
1066 3014 1206 3068 LXXXIII
1235 3031 1289 3069 uua
1318 3015 1404 3070 hieme
1433 3021 1558 3084 excepta,
1590 3031 1642 3081 qua
1671 3032 1688 3067 a
1718 3031 1808 3069 meuse
1829 3015 1976 3070 Novembri
2005 3033 2029 3070 a.

222 3139 393 3194 LXXXVIII
405 3156 492 3208 usque
512 3141 548 3194 ad
565 3157 684 3196 mensem
706 3141 809 3196 Maium
828 3158 852 3196 a.
872 3134 1056 3196 LXXXVIIII
1075 3138 1186 3194 Italiam
1206 3139 1360 3208 peragravi.
1385 3140 1409 3192 Δ
1427 3139 1489 3193 Kal.
1500 3139 1558 3194 Oct.
1569 3157 1594 3193 a.
1605 3140 1745 3194 LXXXXI
1764 3139 1825 3193 inde
1844 3139 1871 3193 in
1890 3141 2030 3208 gymnasio

222 3263 410 3318 Hersfeldensi
430 3264 556 3334 magistri
575 3264 636 3319 vice
653 3265 761 3334 fungor.

383 3389 541 3444 Docuernnt
559 3405 601 3444 me
619 3389 798 3444 illustrissimi
817 3389 886 3445 viri:
917 3391 1081 3461 Bergmenn,
1101 3393 1169 3459 Birt,
1198 3392 1342 3456 Bormam,
1374 3390 1495 3460 Brieger,
1526 3393 1636 3456 Caesar,
1655 3389 1753 3456 lichen,
1781 3390 1882 3458 Hirzel,
1909 3389 2030 3457 Kessler‚

223 3511 340 3583 LipsIus,
359 3514 458 3580 Lucae,
477 3515 582 3580 Raude,
601 3514 729 3582 Schmidt,
749 3515 904 3584 Stri'rmpell,
923 3532 975 3569 von
994 3516 1081 3583 Sybel.
1101 3515 1205 3584 Quibus
1224 3515 1347 3569 omnibus
1366 3515 1499 3568 maximas
1518 3515 1625 3584 gratias
1644 3532 1696 3584 ago
1715 3520 1743 3568 et
1762 3514 1872 3580 habebo,
1898 3514 2030 3582 imprimis

221 3639 318 3708 Binis,
338 3640 384 3708 qui
404 3656 508 3696 summa
525 3640 715 3696 benevolentia
733 3657 792 3696 cum
815 3641 843 3695 in
862 3639 924 3694 aliis
943 3640 1024 3694 rebus
1044 3647 1101 3694 tum
1120 3641 1147 3694 in
1167 3641 1217 3695 hac
1236 3640 1428 3695 dissertatione
1449 3640 1631 3710 componenda
1649 3641 1758 3709 saepius
1777 3655 1818 3694 me
1837 3639 1953 3693 adiuvit.

745 5111 830 5182 Typis
850 5127 972 5180 express.
991 5110 1164 5166 Francolurti
1183 5113 1257 5166 Ena
1282 5115 1304 5165 d
1328 5111 1505 5179 Rudolph.
