4592 5766
394 569 501 647 Quod
523 568 570 633 ad
592 589 731 633 carmen
754 568 797 633 de
821 569 920 632 laude
948 567 1117 632 Anastasii
1140 568 1353 654 imperatoris
1377 567 1506 645 attinet,
1531 588 1608 633 cum
1631 567 1848 654 inscriptione
1872 580 1906 632 et
1930 567 2098 653 subscrip·

287 680 377 743 tione
407 676 552 741 verbosa
575 675 704 740 codicis
728 673 878 739 Vindob.
902 686 974 739 turn
997 674 1214 761 inscriptione
1238 675 1315 741 cod.
1340 675 1536 752 Bernensis,
1560 675 1757 739 testimoniis
1781 674 1861 738 nihil
1885 673 1977 739 dubii
2002 675 2101 739 relin-

287 783 481 872 quentibus,
517 782 596 847 satis
631 781 758 845 firmari
792 781 928 846 videtur
963 780 1174 846 Priscianum
1208 802 1281 846 esse
1315 794 1500 847 auctorem.
1559 779 1594 846 si
1630 801 1712 846 vero
1746 793 1927 867 utrumque
1962 801 2099 846 carmen

287 891 479 957 accuratius
518 892 785 975 contemplamur
820 900 853 952 et
888 910 1144 973 comparamus,
1183 888 1278 953 nobis
1312 900 1383 952 tam
1417 887 1521 952 multa
1556 899 1590 951 et
1624 899 1695 951 tam
1729 887 1874 975 insignia
1908 887 2100 952 discrimina

288 1010 470 1063 occurrunt
505 997 553 1061 rei
588 996 759 1073 metricae,
792 995 993 1072 rhetoricae,
1028 995 1284 1082 grammaticae,
1315 995 1494 1082 religionis,
1526 1005 1563 1058 ut
1585 994 1789 1081 gravissima
1812 993 1979 1058 dubitatio
2003 993 2100 1059 nobis

287 1118 473 1182 moveatur,
498 1125 577 1167 num
602 1124 738 1168 carmen
762 1101 807 1166 de
831 1101 930 1166 laude
955 1101 1127 1165 Anastasii
1151 1099 1323 1178 Prisciani,
1347 1101 1534 1188 periegesis
1558 1100 1716 1178 auctoris,
1740 1101 1792 1164 sit.

394 1255 629 1335 Quamobrem
652 1255 743 1320 haud
767 1253 898 1341 pigebit
922 1253 1114 1338 comparari
1137 1255 1223 1317 inter
1247 1275 1281 1318 se
1306 1254 1467 1331 carmina,
1491 1252 1534 1317 de
1560 1251 1680 1338 quibus
1704 1252 1826 1338 agitur.

393 1408 509 1494 Atque
533 1407 678 1493 primum
702 1404 839 1492 quidem
863 1405 1010 1468 animum
1035 1403 1246 1468 intendamus
1269 1405 1304 1468 in
1328 1424 1399 1468 rem
1423 1404 1611 1468 metricam.

395 1531 501 1609 Quod
521 1529 690 1618 praefatio
716 1529 916 1616 panegyrici
940 1530 1045 1593 nostri
1066 1528 1219 1593 versibus
1242 1527 1396 1592 iambicis
1419 1528 1609 1613 composita
1632 1537 1692 1603 est,
1716 1527 1945 1614 panegyricus
1968 1527 2043 1612 ipse
2067 1539 2100 1590 et

288 1640 474 1726 periegesis
498 1637 713 1714 hexametris,
737 1638 825 1700 illam
849 1636 915 1700 hoc
939 1635 1016 1700 loco
1040 1635 1232 1699 omittemus
1255 1647 1290 1699 et
1313 1633 1402 1698 inira
1426 1632 1655 1698 tractabimus.

395 1789 621 1854 Hexametros
656 1787 856 1875 panegyrici
892 1787 1160 1872 contemplantes
1195 1799 1297 1873 atque
1328 1785 1578 1872 perpendentes
1602 1805 1728 1872 negare
1753 1807 1818 1850 non
1842 1807 2018 1872 possumus
2041 1805 2101 1848 eos

289 1897 464 1984 diligentia
487 1909 591 1982 atque
615 1917 696 1960 cura
720 1893 973 1980 compositionis
997 1893 1173 1958 excellere.

395 2039 597 2104 Theodorus
629 2037 753 2102 Birtius
788 2036 957 2104 disserens
992 2037 1035 2102 de
1069 2035 1235 2101 Martialis
1264 2057 1422 2100 versuum
1447 2035 1576 2099 ratione
1600 2035 1632 2098 in
1656 2033 1685 2097 F
1687 2033 1913 2099 riedlaenderi
1936 2033 2100 2098 Martialis

289 2145 559 2233 epigrammaton
583 2144 742 2221 editione,
767 2143 902 2230 Lipsiae
929 2145 1024 2221 1886,
1041 2143 1118 2208 Vol.
1144 2142 1158 2206 Ι
1181 2165 1215 2228 p.
1240 2144 1279 2205 41
1307 2162 1381 2228 sqq.
1400 2142 1462 2205 has
1486 2162 1545 2204 sex
1568 2141 1696 2204 formas
1719 2139 1859 2204 usitatas
1882 2161 2100 2206 caesurarum

288 2253 562 2317 hexametrorum
586 2250 788 2316 Latinorum
812 2253 928 2316 affert:

609 2430 645 2494 F.
702 2429 725 2492 Ι.
773 2431 828 2494 Do
853 2430 913 2495 tibi
937 2429 1174 2494 naumachiam
1201 2425 1213 2515 ll
1238 2438 1274 2491 tu
1298 2425 1360 2490 das
1384 2427 1632 2513 epigrammata
1655 2423 1762 2490 nobis

609 2537 646 2600 F.
687 2535 728 2601 ll.
773 2537 917 2601 Denaris
942 2535 955 2624 Η
980 2535 1088 2600 tribus
1111 2535 1231 2598 invitas
1257 2531 1268 2620 ll
1295 2545 1328 2597 et
1352 2554 1450 2597 mane
1474 2543 1638 2620 togatum.

607 2644 645 2708 F.
672 2643 725 2708 ΙΙΙ.
772 2643 863 2709 Nam
886 2643 997 2708 subito
1022 2641 1034 2730 ll
1061 2641 1210 2726 collapsa
1234 2641 1239 2720 l
1264 2641 1328 2705 ruit
1354 2639 1365 2726 l}
1392 2659 1469 2704 curn
1492 2640 1580 2702 mole
1603 2636 1665 2701 sub
1688 2638 1752 2701 illa.

608 2751 647 2815 F.
670 2749 728 2814 IV.
776 2751 933 2836 Diripere
957 2770 1185 2836 excussosque
1211 2753 1214 2832 l
1239 2748 1331 2813 iubet
1357 2745 1369 2834 ll
1395 2747 1511 2811 laxare
1536 2745 1694 2810 rudentis.

609 2857 646 2921 F.
686 2857 729 2922 V.
777 2857 990 2943 Exspectant
1015 2854 1028 2942 ΙΙ
1054 2878 1223 2942 curaeque
1250 2854 1254 2942 l
1279 2855 1495 2940 catenatique
1519 2852 1661 2917 labores.

608 2963 647 3027 F.
670 2963 728 3027 Vl.
776 2963 821 3026 Et
843 2964 1003 3051 graviora
1026 2962 1183 3048 rependit
1208 2965 1211 3046 l
1237 2962 1356 3048 iniquis
1380 2981 1487 3046 pensa
1510 2959 1665 3045 quasillis.

395 3159 618 3226 Consentiunt
634 3159 695 3223 viri
713 3158 805 3224 docti
822 3158 882 3242 (cl.
899 3157 1089 3224 Lucianum
1105 3157 1318 3234 Muellerum,
1343 3155 1386 3219 de
1411 3176 1446 3219 re
1470 3155 1612 3220 metrica
1635 3166 1727 3240 poet.
1747 3152 1837 3232 Lat,
1861 3151 2000 3238 Lipsiae
2020 3152 2100 3214 1861

288 3291 321 3354 p.
350 3269 412 3332 182
436 3280 470 3331 et
493 3266 549 3330 W.
571 3265 765 3343 Christium‚
790 3264 917 3329 Metrik
940 3265 1002 3329 der
1025 3262 1197 3329 Griechen
1221 3262 1292 3328 und
1314 3261 1455 3340 Romen
1479 3261 1618 3348 Lipsiae
1646 3262 1730 3325 1874
1753 3283 1786 3346 p.
1816 3261 1892 3342 187)
1915 3258 2106 3323 hexametri

288 3375 449 3462 dactylici
484 3388 521 3438 ut
553 3375 834 3461 simplicissimam
864 3374 911 3437 ita
943 3373 1206 3459 pulcherrimam
1228 3371 1331 3456 longe
1363 3389 1538 3433 caesuram
1561 3389 1634 3432 esse
1658 3388 1745 3444 eam,
1777 3387 1845 3452 qua
1868 3377 1946 3452 post
1970 3364 2103 3428 tertium

289 3482 497 3567 semipedem
521 3481 656 3545 finiatur
679 3479 831 3545 verbum.
861 3479 962 3557 Quae
986 3480 1118 3543 nomine
1143 3477 1280 3542 Graeco
1302 3477 1380 3554 τομη·
1395 3479 1602 3560 rutupinum&
1618 3476 1688 3538 sive
1711 3472 1860 3539 breviter
1892 3475 2103 3556 πινθημιμερής

289 3589 454 3675 appellari
474 3589 561 3652 solet
584 3600 618 3653 et
642 3587 826 3651 illustratur
849 3583 958 3650 forma
982 3585 1005 3649 Ι.
1051 3584 1270 3651 Manifestum
1293 3596 1343 3648 est
1367 3595 1541 3648 auctorem
1563 3580 1765 3671 panegyrici
1789 3601 1931 3665 operam
1956 3575 2103 3655 dedisse,

290 3707 326 3760 ut
355 3696 425 3759 sola
448 3695 513 3760 hac
537 3695 648 3759 torma
671 3706 831 3758 uteretur.
880 3691 969 3757 Inter
993 3692 1057 3755 312
1080 3693 1296 3756 hexametros
1319 3690 1422 3755 modo
1447 3703 1515 3754 tres
1537 3690 1646 3775 prima
1670 3687 1784 3774 specie
1808 3686 1852 3751 ab
1876 3707 1918 3750 ea
1941 3683 2103 3751 recedere

289 3801 456 3879 videntur,
481 3823 558 3866 cum
575 3803 639 3866 309
657 3814 691 3865 et
708 3822 785 3866 cum
802 3821 942 3866 caesura
962 3812 1040 3885 post
1063 3799 1199 3864 tertium
1222 3797 1428 3884 semipedem
1452 3797 1546 3861 facta
1570 3797 1787 3882 (τριθημιμιρῆς
1807 3793 1944 3875 vocata)
1967 3803 2002 3855 et
2026 3811 2102 3856 cum

289 3909 563 3995 semiseptenaria
587 3909 810 3994 (ἐφθημιμερής)
834 3921 868 3972 et
891 3927 968 3971 cum
991 3919 1133 3992 utraque
1156 3905 1373 3971 coniunctam
1395 3903 1684 3990 penthemimeren
1706 3898 1889 3987 proferant.

394 4051 443 4116 Illi
467 4065 533 4117 tres
557 4074 682 4130 versus,
707 4052 764 4138 qui
788 4050 825 4114 F.
849 4050 873 4114 l.
899 4049 1082 4137 neglegere
1107 4047 1274 4125 videntur,
1298 4060 1373 4110 sunt
1396 4046 1449 4110 hi:

555 4201 586 4241 v.
615 4179 687 4240 121.
734 4175 779 4240 Et
803 4197 900 4263 reges
924 4175 1044 4239 iterum
1068 4171 1267 4256 (infandum)
1291 4193 1326 4236 se
1350 4169 1495 4234 reddere
1519 4166 1626 4233 nobis.

610 4303 684 4366 268.
733 4301 880 4387 Templa
903 4321 1031 4364 novans
1055 4319 1289 4383 renovansque
1312 4296 1378 4361 deo
1401 4293 1565 4380 fulgentia
1589 4311 1731 4376 semper.

611 4427 686 4490 278.
732 4424 890 4502 Quantus
913 4422 1011 4488 adest
1034 4445 1097 4509 pro
1122 4435 1155 4488 te
1180 4421 1360 4486 ostendens
1384 4417 1576 4485 discrimine
1600 4437 1736 4502 magno.

288 4595 320 4636 v.
346 4574 409 4639 268
439 4570 612 4636 vindicare
634 4581 747 4655 potest
770 4567 809 4632 F.
834 4566 890 4645 ΙΙΙ,
913 4579 950 4631 ut
975 4565 1143 4631 incidatur
1167 4566 1231 4629 hoc
1255 4563 1374 4629 modo:

609 4710 757 4797 Templa
780 4731 908 4775 novans
934 4706 946 4797 ll
972 4728 1206 4792 renovansque
1232 4705 1236 4792 Ι
1263 4705 1329 4770 deo
1356 4703 1368 4790 Η
1393 4702 1556 4792 fulgentia
1580 4721 1725 4787 semper.

289 4880 343 4922 vv.
372 4858 430 4921 121
458 4867 491 4920 et
516 4856 579 4920 278
604 4855 734 4919 formae
757 4852 786 4917 ΙΙ
810 4852 1025 4918 annumerari
1048 4861 1197 4937 possunt,
1221 4861 1257 4914 ut
1281 4849 1329 4913 sic
1352 4849 1526 4935 legantur:

610 4979 655 5045 Et
678 5001 778 5068 reges
803 4977 816 5066 ll
841 4981 963 5043 iterum
987 4975 1180 5061 (infandum
1189 4975 1210 5058 l)
1237 4971 1249 5060 ll
1275 4995 1309 5038 se
1333 4972 1479 5037 reddere
1503 4969 1609 5035 nobis.

610 5087 769 5165 Quantus
792 5085 890 5151 adest
916 5083 928 5172 ll
953 5095 1073 5171 prote
1097 5081 1278 5147 ostendens
1303 5080 1315 5169 ll
1340 5080 1531 5146 discrimine
1554 5099 1690 5165 magno.
