4592 5766
189 571 251 635 727
275 566 327 632 Ε1
350 567 520 632 Tochari
544 565 745 653 Frunique
769 579 807 632 et
831 559 944 649 (Dionss
969 590 1001 630 v.
1021 569 1083 633 752
1108 577 1222 631 zat-n
1242 571 1314 650 καὶ),
1339 569 1402 636 863
1427 567 1647 634 Arboribus
1671 571 1824 656 pariter
1847 573 2001 658 pecori·

186 697 265 762 que
301 687 341 740 et
366 725 372 738 .
398 723 406 740 .
432 723 440 738 .
464 674 579 759 (Dion.
603 697 635 738 v.
660 675 725 738 922
748 681 888 758 τι-καῑ),
922 677 985 741 878
1035 675 1085 740 Et
1120 675 1228 740 casia
1261 697 1334 740 nec
1367 697 1444 740 non
1473 689 1522 752 et,
1564 678 1681 743 1003.
1708 727 1714 740 .
1741 675 2001 764 .Aribasque

186 783 299 846 simul
322 780 472 869 linique
495 781 735 859 Arachotas,
763 783 845 849 1082
871 781 1137 869 Oceanusque
1160 781 1275 846 simul
1299 803 1370 848 nec
1394 803 1469 846 non
1495 832 1502 846 .
1529 832 1535 846 .
1563 833 1570 846 .

293 921 323 982 2.
348 915 482 1002 Ellipsis
505 913 678 979 indicativi
717 914 812 980 verbi
845 915 1014 980 auxiliaris
1038 936 1124 980 esse
1159 912 1229 979 fere
1265 914 1470 1002 quadragies
1503 915 1655 980 notanda
1690 927 1751 981 est.
1798 915 2002 1006 Panegyrici

186 1023 319 1111 ellipses
342 1046 374 1087 v.
403 1025 442 1087 10
465 1043 537 1088 111
561 1021 710 1100 mirum,
734 1041 768 1086 v.
797 1024 857 1088 121
882 1022 1104 1087 infandum!
1133 1022 1235 1086 etiam
1259 1024 1291 1086 in
1316 1023 1468 1088 oratione
1493 1023 1601 1087 soluta
1624 1023 1801 1088 inusitatae
1826 1046 1892 1087 non
1916 1036 2001 1089 sunt.

293 1163 323 1224 3.
348 1155 501 1221 Verbum
526 1157 751 1243 compositum
774 1156 979 1243 anastrophe
991 1154 1189 1222 discinditur
1213 1179 1243 1219 v.
1265 1158 1314 1219 10.
1331 1177 1381 1242 sq.
1407 1155 1792 1234 circum-clauditur,
1818 1159 1881 1224 398
1906 1155 2001 1221 sub·

186 1264 323 1329 cincta
346 1293 387 1318 =
413 1263 639 1340 succincta,
665 1265 728 1330 405
754 1285 803 1350 sq.
829 1263 1190 1352 circum-cingitur,
1216 1265 1278 1328 713
1302 1263 1694 1350 praeter-fluentem.

293 1403 323 1463 4.
348 1394 484 1460 Nomen
519 1394 777 1476 substantivum,
813 1395 907 1484 quod
942 1417 1003 1462 nos
1039 1410 1076 1460 ut
1110 1396 1357 1484 appositionem
1394 1409 1525 1462 vertere
1561 1398 1715 1476 solemus,
1750 1398 2004 1484 insequentem

188 1503 453 1568 enuntiationem
476 1502 652 1567 relativam
674 1503 816 1567 trahitur
838 1527 870 1568 v.
896 1508 915 1571 8
941 1502 1156 1582 Oceanum,
1181 1503 1298 1569 tellus
1326 1526 1402 1591 quo
1440 1505 1617 1592 cingitur
1652 1525 1836 1591 aequore,
1861 1510 1902 1572 58
1928 1553 1936 1568 .
1961 1552 1969 1569 .
1995 1555 2001 1568 .

186 1611 341 1674 nomine
377 1607 540 1674 Saturni
574 1609 681 1695 quod
708 1609 864 1699 Tethys
902 1610 1085 1696 possidet
1124 1633 1285 1698 aequor,
1302 1603 1352 1676 168
1378 1661 1385 1675 .
1412 1660 1452 1675 ..
1491 1613 1556 1698 qui
1591 1609 1792 1699 frangitur
1826 1633 2002 1698 aequore

186 1730 343 1805 pontus,
379 1719 509 1784 363..
537 1738 683 1803 .quam
717 1717 883 1803 pulcher
917 1728 1074 1803 gratam
1109 1717 1362 1804 praeterfluit
1397 1718 1575 1783 Aesarus
1607 1717 1753 1797 urbem,
1782 1719 1843 1782 691
1880 1720 2003 1782 malos

186 1825 357 1889 lemures
397 1824 503 1911 quod
540 1823 656 1910 pellit
698 1846 844 1903 munus,
891 1825 1031 1911 iaspin,
1073 1828 1235 1893 964...
1268 1823 1374 1912 quod
1411 1825 1576 1911 proprie
1613 1826 1783 1912 pelagus
1823 1823 2003 1890 celebrat

185 1930 422 2018 cognomine
458 1932 590 2008 latum,
626 1931 690 1994 972
716 1931 939 2018 ...quique
975 1945 1112 1997 tenent
1144 1934 1282 2019 populi
1307 1983 1314 1996 .
1341 1982 1347 1995 .
1374 1982 1381 1995 .
1406 1953 1535 2020 agros.

293 2072 323 2132 5.
347 2064 490 2129 Dativus
507 2065 630 2150 septies
646 2086 709 2150 pro
737 2085 861 2130 acum
885 2063 1063 2129 ablativo
1086 2063 1268 2129 adhibetur
1280 2089 1310 2128 v.
1329 2067 1391 2132 267
1410 2064 1481 2130 1161
1506 2065 1742 2144 dinoscitur,
1766 2066 1830 2129 463
1855 2077 2002 2130 vocata

185 2170 365 2248 vetustis,
401 2174 464 2238 563
497 2171 675 2236 cernitur
709 2172 810 2249 huic,
847 2173 910 2238 594
935 2183 1143 2256 spectetur
1176 2171 1258 2250 tibi,
1300 2174 1362 2238 726
1387 2171 1529 2259 quibus
1567 2172 1763 2250 coluntur,
1790 2175 1852 2240 766
1888 2171 2002 2237 11611

185 2277 358 2355 dicatur,
382 2279 443 2342 941
471 2277 544 2343 1161
568 2290 767 2342 noscetur.
1285 2303 1288 2308 ¹

293 2415 322 2477 6.
349 2411 561 2498 Praepositio
586 2407 958 2476 116111111111111111
982 2434 1077 2475 usum
1113 2410 1282 2476 interdum
1307 2432 1385 2477 cum
1420 2413 1614 2476 accusativo
1650 2413 1807 2498 iungitur,
1843 2432 1920 2476 cum
1944 2410 2003 2476 ab·

185 2519 325 2584 lativum
350 2530 506 2606 optemus
529 2541 561 2582 v.
586 2520 650 2584 235
675 2519 811 2582 colunt
836 2516 908 2582 sub
944 2519 1098 2583 moenia
1133 2517 1302 2596 Thebes,
1326 2520 1391 2581 414
1416 2541 1464 2605 sq.
1489 2518 1674 2583 habitant
1709 2517 1778 2582 sub
1802 2517 2001 2604 scopulos,

187 2625 420 2713 4341111116
461 2625 572 2690 cuius
596 2625 783 2710 scopulos
876 2673 883 2688 .
912 2637 1085 2703 servant,
1120 2626 1185 2689 455
1209 2648 1258 2712 sq.
1285 2675 1292 2688 .
1318 2673 1325 2689 .
1351 2673 1359 2688 .
1385 2627 1625 2712 contingat.
1651 2675 1659 2690 .
1685 2675 1691 2688 .
1717 2625 1913 2713 subiuga,
1938 2626 2001 2692 892

190 2733 434 2820 ...zephyri
459 2731 528 2797 sub
552 2745 693 2819 partes
727 2731 841 2819 degit
864 2731 1306 2820 Erembum...genus‚
1331 2733 1394 2798 954
1419 2731 1490 2797 sub
1520 2734 1642 2798 colles
1677 2734 1773 2796 imos
1808 2732 2001 2798 habitant.

187 2837 378 2904 Priscianus
413 2838 486 2904 sub
525 2859 616 2904 cum
651 2838 903 2904 accusativo
940 2851 973 2903 et
1009 2837 1088 2904 sub
1124 2860 1213 2906 cum
1248 2838 1439 2904 ablativo
1474 2860 1594 2925 parum
1619 2839 1810 2904 discernere
1835 2838 1979 2903 videtur.

297 2975 325 3037 7.
349 2971 482 3036 Eadem
507 2973 714 3059 praepositio
738 2970 808 3036 sub
831 2971 966 3058 saepius
988 2993 1128 3057 prorsus
1152 2972 1220 3036 vim
1242 2973 1501 3059 praepositionis
1525 2974 1562 3036 in
1603 2973 1675 3036 sive
1699 2993 1833 3036 versus
1861 2985 2002 3059 usurpat

186 3103 217 3143 v.
247 3082 308 3148 152
333 3079 403 3145 sub
426 3090 541 3165 parte
564 3079 738 3157 sinistra,
768 3081 828 3147 158
866 3077 1013 3166 gelidis
1044 3077 1228 3144 habitant
1262 3078 1334 3144 sub
1370 3078 1530 3156 finibus,
1555 3081 1616 3144 601
1654 3077 1724 3144 sub
1760 3099 1827 3143 ore
1861 3078 2001 3156 feroci,

187 3190 250 3254 667
275 3185 345 3252 sub
370 3208 471 3265 oras,
497 3187 560 3252 669
585 3187 749 3274 regione
773 3185 845 3251 sub
868 3207 954 3264 una,
977 3188 1039 3249 717
1065 3185 1136 3251 sub
1160 3185 1308 3272 Caspia
1331 3186 1461 3264 litora,
1490 3187 1554 3250 908
1579 3196 1758 3250 extrema
1782 3183 1852 3249 sub
1875 3197 2001 3270 parte,

187 3295 249 3358 991
275 3294 400 3358 Α1111
424 3293 494 3359 sub
519 3292 678 3358 finibus.
725 3293 847 3381 Aeque
872 3293 942 3359 sub
966 3314 1068 3380 saepe
1093 3291 1137 3356 ad
1162 3294 1247 3358 caeli
1264 3293 1419 3380 regiones
1442 3289 1684 3380 significandas
1699 3290 1889 3367 adhibetur,
1913 3312 2001 3377 quae

187 3424 230 3467 ex
253 3400 417 3467 sideribus
440 3402 494 3465 vel
517 3401 624 3465 ventis
648 3400 873 3478 nominantur,
898 3400 1044 3485 exempli
1069 3419 1171 3465 causa
1195 3421 1226 3462 v.
1251 3398 1315 3462 836
1344 3397 1415 3463 sub
1449 3397 1571 3462 solem
1606 3399 1737 3486 vergit
1772 3411 1810 3462 et
1834 3409 2001 3475 austros,

187 3511 251 3574 947
277 3509 433 3575 0111111
457 3506 528 3573 sub
552 3507 649 3593 ipso,
674 3509 738 3570 952
763 3506 833 3572 sub
856 3506 1030 3584 boream,
1055 3507 1119 3570 966
1144 3504 1214 3570 sub
1238 3504 1423 3590 partibus
1447 3505 1560 3570 arcti,

295 3648 324 3709 8.
350 3639 546 3706 Numeralia
580 3640 792 3706 distributiva
826 3661 890 3727 pro
924 3639 1149 3705 numeralibus
1185 3638 1411 3704 cardinalibus
1445 3639 1478 3702 in
1502 3662 1597 3704 usum
1621 3640 1768 3718 veniunt,
1797 3659 2001 3725 quamquam

188 3771 255 3815 non
279 3772 356 3815 cum
379 3747 605 3835 pluralibus
629 3759 780 3812 tantum
805 3747 1057 3835 coniunguntur
1080 3768 1112 3810 v.
1139 3747 1199 3809 145
1224 3745 1349 3810 111111
1373 3744 1524 3823 diebus,
1549 3747 1613 3812 216
1638 3759 1805 3832 septeno
1828 3746 2001 3834 gurgite,

188 3859 254 3924 290
276 3857 440 3945 gurgite
465 3857 595 3942 quin0,
626 3857 690 3920 328
714 3867 850 3941 partes
875 3865 1021 3930 ternas,
1045 3854 1109 3915 479
1146 3851 1378 3917 cardinibus
1402 3852 1537 3929 ternis,
1573 3855 1636 3917 537
1662 3867 1752 3917 1111
1776 3865 1914 3918 111111
1938 3855 2000 3937 (11.

188 3962 364 4045 insulae),
392 3964 474 4027 1037
500 3960 748 4048 marginibus
772 3960 905 4024 ternis.

295 4099 325 4162 9.
351 4094 440 4161 Cum
461 4107 639 4181 utrumque
652 4115 799 4172 carmen,
823 4107 860 4157 ut
875 4094 998 4171 locum,
1023 4091 1079 4157 ubi
1092 4092 1174 4179 quid
1190 4093 1242 4172 sit,
1259 4091 1436 4180 significet,
1460 4091 1644 4156 ablativum
1661 4091 1732 4156 sine
1747 4093 1999 4179 praepositione

188 4218 305 4291 ponat,
336 4204 406 4268 sola
429 4202 616 4288 periegesis
640 4201 730 4266 nudo
754 4200 951 4267 accusativo
975 4200 1029 4265 vel
1064 4199 1211 4265 ablativo
1236 4200 1348 4278 utitur,
1373 4199 1429 4264 ubi
1454 4197 1555 4286 quo?
1591 4201 1644 4264 vel
1668 4199 1793 4264 unde?
1818 4199 2001 4285 quaeritur,

189 4310 319 4375 etiamsi
355 4332 420 4374 non
456 4307 500 4373 de
535 4307 674 4373 urbibus
709 4318 768 4371 aut
803 4307 917 4393 parvis
952 4307 1066 4372 insulis
1100 4319 1238 4394 agatur:
1278 4329 1309 4370 v.
1346 4309 1387 4371 55
1424 4306 1764 4394 Pamphylumque
1797 4308 1934 4370 latus.
1961 4355 1967 4368 .
1994 4355 2000 4368 .

188 4415 404 4504 pertendit,
429 4418 493 4482 289
517 4415 663 4480 Euxini
686 4415 870 4500 pervenit
894 4412 1029 4490 undas,
1055 4415 1119 4477 374
1143 4413 1269 4477 sinum
1292 4425 1508 4499 penetrans
1537 4412 1776 4499 Aquileium,
1812 4415 1875 4477 562
1901 4411 1999 4477 Cim·

190 4525 353 4589 merium
381 4523 618 4610 Bosphoron
646 4521 731 4600 ibit,
756 4524 818 4588 722
843 4521 978 4606 vergit
1000 4519 1174 4599 boream,
1200 4522 1263 4585 758
1298 4521 1484 4607 irrumpit
1506 4531 1681 4605 pontum,
1700 4520 1763 4582 812
1787 4531 2002 4604 penetrans

189 4631 340 4696 vicinas
365 4651 466 4708 oras,
501 4631 565 4695 833
601 4627 721 4694 finem
755 4629 958 4714 pervenio,
983 4629 1047 4692 936
1082 4625 1327 4713 advergens
1363 4639 1564 4704 austros,
1588 4664 1632 4674 —
1655 4649 1685 4690 v.
1712 4627 1775 4690 307
1811 4637 2003 4690 currunt

190 4737 409 4824 Riphaeis
432 4736 664 4813 montibus,
690 4737 750 4798 671
791 4735 988 4821 Aegypto
1023 4733 1141 4812 missi,
1177 4735 1240 4798 695
1276 4745 1449 4819 vergunt
1483 4734 1686 4820 zephyro,
1723 4733 1807 4797 1052
1831 4729 2001 4795 Emodo

189 4845 331 4909 missos
354 4857 501 4910 monte.

227 4981 230 4984 ·
300 4954 349 5018 10.
374 4953 428 5017 Ex
454 4951 622 5018 contrario
649 4949 856 5036 praepositio
882 4959 1001 5026 exstat,
1026 4947 1083 5014 ubi
1107 4947 1215 5013 nudus
1232 4947 1397 5013 ablativus
1413 4947 1621 5012 instrumenti
1638 4958 1855 5034 exspectatur
1878 4969 1909 5010 v.
1934 4946 1999 5008 416

188 5071 304 5125 tacto
328 5079 526 5124 accensus
550 5056 601 5122 ab
626 5057 717 5144 igni.
1877 5148 1892 5195 d
