4592 5766
1165 423 1172 433 ,
1191 333 1242 433 1⁸.

414 546 463 608 11.
488 544 636 609 Nomina
659 545 798 631 propria
821 545 1058 632 geographica
1082 565 1159 608 cum
1179 535 1368 609 nominibus
1391 544 1603 630 appellativis
1628 543 1777 631 genitivo
1801 545 2027 630 epexegetico
2051 545 2124 608 iun-

303 665 447 739 guntur:
471 675 502 715 v.
540 653 601 716 361
643 653 795 716 flumen
830 650 992 715 Halecis
1017 651 1272 734 (nominativum
1297 651 1420 729 Halex,
1444 649 1486 716 cf.
1512 649 1785 716 Wemsdorfium
1808 649 1855 714 ad
1878 674 1909 714 v.
1935 652 2023 734 361),
2057 653 2120 715 588

304 759 592 847 Borysthenis
622 761 730 823 amni
755 762 875 843 (nom.:
900 757 1141 846 Borysthenes,
1165 758 1299 824 Graece
1320 759 1522 845 Βορυσθένης),
1547 759 1611 821 718
1634 757 1793 822 flumen
1819 759 1979 822 Araxis
2003 761 2122 841 (nom.:

304 865 449 944 Araxes,
474 866 519 930 cf.
544 865 703 930 Wernsd.
728 888 758 929 a.
783 867 815 929 h.
841 866 886 948 1.),
919 867 979 929 797
1006 867 1192 930 fluvium
1215 864 1462 942 Maeandri,
1487 866 1550 929 906
1575 864 1815 952 Babylonis
1839 865 1998 930 urbem.
2024 863 2121 930 Simi-

306 973 380 1037 liter
402 972 559 1038 scribitur
583 997 613 1036 v.
641 975 703 1036 755
727 994 892 1060 gemma
911 973 1104 1059 iaspidis
1128 972 1263 1052 albae,
1291 974 1374 1037 1008
1399 973 1542 1037 curalli
1565 971 1749 1058 lapidem.

415 1089 464 1151 12.
489 1086 733 1153 Accusativum
772 1089 986 1166 limitationis,
1026 1111 1127 1175 quem
1164 1101 1289 1153 vocant
1324 1086 1506 1164 Graecum,
1546 1088 1845 1152 animadvertimus
1879 1087 1951 1153 bis:
1987 1110 2018 1152 v.
2056 1090 2120 1152 794

307 1195 482 1280 capiaris
510 1207 678 1280 pectora
703 1208 834 1274 cantu,
858 1198 923 1260 894
946 1196 1181 1283 nigrescunt
1205 1217 1348 1282 corpus
1372 1194 1515 1260 adusti.
1977 1187 1979 1190 ’

414 1320 464 1382 13.
489 1318 614 1382 Forma
637 1320 723 1405 quis
746 1342 811 1405 pro
835 1319 978 1407 quibus
1001 1321 1125 1408 legitur
1148 1344 1202 1385 vv.
1224 1323 1299 1387 269.
1324 1323 1399 1385 278.
1427 1322 1500 1383 741.

415 1445 464 1506 14.
490 1442 674 1508 Numerale
699 1467 795 1538 unus
830 1444 963 1508 liberius
998 1444 1190 1524 adhibetur,
1225 1447 1315 1509 velut
1350 1467 1381 1508 v.
1418 1446 1480 1508 557
1517 1467 1593 1509 una
1624 1467 1688 1531 pro
1713 1443 1850 1510 Graeco
1874 1471 1918 1518 τις
1950 1444 2064 1528 (Dion.
2088 1468 2119 1510 v.

306 1551 384 1633 541)
408 1583 442 1602 =
466 1550 646 1637 quaedam,
675 1551 733 1614 141
772 1574 868 1615 unus
903 1574 967 1637 pro
1001 1553 1105 1616 alter
1129 1552 1336 1638 respondens
1373 1552 1560 1637 insequenti
1592 1555 1636 1635 (v.
1665 1555 1740 1636 142)
1764 1554 1876 1632 alter,
1913 1555 1977 1617 334
2006 1574 2121 1617 unam

304 1677 369 1742 pro
392 1658 559 1721 alteram
583 1679 629 1722 sc.
654 1656 810 1722 Herculis
835 1680 852 1722 e
873 1661 999 1723 statuis.

415 1784 464 1845 15.
490 1781 697 1867 Temporale
721 1781 789 1846 diu
812 1805 876 1869 pro
900 1783 999 1848 locali
1022 1785 1140 1872 longe
1164 1795 1344 1869 usurpatur
1367 1806 1398 1846 v.
1424 1785 1488 1847 869
1512 1795 1702 1870 protenta
1726 1782 1803 1848 diu.

415 1910 464 1971 16.
490 1905 542 1971 Ut
565 1907 722 1972 scribitur
745 1930 809 1994 pro
834 1922 1021 1995 quantum
1046 1909 1115 1974 sive
1148 1907 1281 1995 quoad
1314 1933 1345 1972 v.
1371 1911 1435 1974 925
1471 1907 1546 1973 deo
1581 1910 1739 1988 similes,
1763 1909 1859 1975 licet
1883 1922 1923 1974 ut
1946 1910 2121 1974 mortali·

305 2012 378 2078 bus
402 2035 497 2077 esse.

414 2142 463 2203 17.
489 2138 630 2206 Poetica
654 2141 766 2205 forma
791 2163 862 2206 ceu
886 2163 949 2227 pro
973 2143 1207 2228 comparativo
1230 2155 1272 2206 ut
1296 2153 1407 2206 exstat
1431 2165 1485 2204 vv.
1512 2143 1542 2204 9.
1567 2143 1643 2205 473.
1670 2143 1744 2206 550.
1771 2143 1845 2205 584.

415 2267 464 2329 18.
489 2264 670 2344 Nimium,
696 2265 889 2353 quodcum
913 2267 1015 2354 vulgo
1028 2277 1099 2330 tum
1123 2266 1155 2328 in
1167 2268 1379 2354 panegyrico
1396 2268 1441 2350 (v.
1467 2272 1508 2333 28
1532 2265 1692 2330 nimium
1714 2269 1854 2349 iustos)
1878 2265 2123 2350 abundantiam

305 2372 485 2460 significat,
509 2373 541 2436 in
566 2373 733 2459 periegesi
758 2373 891 2459 saepius
925 2373 1055 2459 gradus
1078 2374 1274 2459 superlativi
1298 2375 1408 2440 vicem
1433 2374 1566 2459 implet:
1599 2396 1629 2436 v.
1656 2374 1720 2436 608
1749 2374 1910 2438 nimium
1946 2374 2121 2460 placare,

307 2481 369 2544 743
393 2479 506 2545 dives
530 2480 699 2557 nimium,
724 2481 787 2543 846
812 2481 972 2543 nimium
995 2479 1239 2560 decoratam,
1265 2483 1329 2546 980
1353 2481 1511 2545 nimium
1535 2479 1762 2545 decoratur.

412 2602 652 2692 Panegyricus,
688 2605 841 2690 quamvis
872 2626 893 2668 a
927 2603 1018 2670 bono
1053 2604 1130 2669 stilo
1164 2627 1230 2670 non
1255 2606 1390 2683 alienus,
1423 2603 1589 2669 notabiles
1620 2605 1886 2670 constructiones
1921 2604 2064 2690 praebet
2087 2615 2123 2667 et

305 2709 443 2798 figuras,
467 2733 554 2798 quae
579 2733 622 2775 ex
645 2722 744 2798 parte
767 2712 926 2777 vitandae
949 2726 1055 2791 erant,
1080 2724 1115 2777 et
1139 2734 1225 2799 quae
1250 2712 1283 2776 in
1306 2712 1474 2800 periegesi
1497 2733 1564 2776 non
1588 2711 1816 2777 inveniuntur:

415 2837 442 2900 1.
467 2833 670 2901 Coniunctio
692 2835 800 2900 finalis
824 2857 869 2900 ne
893 2857 957 2922 pro
974 2837 1191 2902 consecutiva
1215 2849 1256 2902 ut
1284 2857 1360 2900 non
1384 2837 1508 2923 legitur
1531 2860 1562 2900 v.
1589 2840 1630 2903 82
1656 2857 1706 2922 sq.
1754 2834 1835 2901 Hos
1859 2832 2040 2902 dominus
2063 2839 2121 2904 sic

306 2941 469 3021 domuit,
492 2955 584 3028 post
607 2942 706 3008 haec
730 2964 776 3006 ne
799 2943 956 3029 possint
981 2965 1068 3007 esse
1093 2943 1273 3008 rebelles.

413 3069 442 3132 2.
468 3065 620 3132 Verbum
646 3089 809 3154 sperare
839 3066 933 3154 quod
958 3079 1154 3154 sequentem
1178 3069 1408 3133 accusativum
1432 3089 1510 3133 cum
1539 3067 1705 3132 infinitivo
1729 3066 1830 3133 futuri
1853 3073 2014 3156 postulat,
2043 3091 2121 3134 curn

305 3175 500 3240 accusativo
525 3194 602 3238 cum
626 3173 790 3238 infinitivo
814 3175 1001 3261 praesentis
1024 3176 1171 3262 iungitur
1193 3198 1225 3239 v.
1253 3177 1314 3239 119
1347 3174 1564 3260 sperabant
1602 3173 1761 3254 ducere,
1793 3196 1870 3240 cum
1905 3176 2122 3241 coniunctivo

305 3305 337 3346 v.
362 3283 426 3348 265
451 3281 577 3345 Roma
601 3280 675 3346 tibi
700 3302 788 3346 cum
811 3303 931 3368 spero
954 3295 1096 3368 pareat
1119 3283 1193 3345 uni.

413 3406 442 3468 3.
467 3405 524 3469 Bis
548 3406 774 3493 interrogatio
798 3407 965 3472 indirecta
987 3406 1207 3472 indicativum
1233 3429 1295 3494 pro
1319 3407 1535 3472 coniunctivo
1556 3405 1717 3492 praebet:
1741 3430 1772 3471 v.
1797 3409 1862 3473 270
1886 3429 1935 3495 sq.
1961 3411 2122 3494 experti

306 3535 445 3590 sumus,
471 3525 619 3598 quanta
643 3524 750 3577 tuum
774 3525 916 3600 pectus
951 3527 1086 3578 servat
1119 3515 1354 3599 praesentia
1387 3512 1508 3600 regis,
1544 3514 1607 3578 278
1633 3527 1803 3599 quantus
1837 3513 1952 3579 adest
1986 3536 2059 3602 pro
2082 3529 2122 3580 te

307 3617 531 3682 ostendens.

414 3747 444 3806 4.
469 3742 504 3806 ln
542 3743 754 3830 imperatoris
778 3744 953 3808 maiestate
978 3743 1182 3830 appellanda
1206 3766 1443 3831 nonnunquam
1458 3757 1598 3810 vester
1633 3767 1698 3831 pro
1733 3757 1822 3808 tuus
1845 3745 1981 3830 ponitur
2004 3769 2059 3811 vv.
2087 3749 2119 3810 8.

310 3851 382 3914 161.
411 3851 482 3914 168.
511 3851 583 3914 173.
608 3853 683 3916 239.
709 3853 783 3920 255.
808 3855 883 3918 262.
908 3853 983 3930 298,
1008 3863 1042 3916 et
1066 3850 1179 3916 vobis
1203 3873 1267 3937 pro
1292 3850 1365 3916 tibi
1388 3871 1445 3916 vv.
1474 3853 1546 3917 171.
1572 3853 1646 3917 286.

413 3977 443 4039 5.
469 3973 686 4040 Constructio
709 3976 849 4041 ablativi
884 3976 1145 4062 comparationis
1179 3975 1211 4038 in
1246 3976 1458 4063 panegyrico
1491 3976 1675 4042 notabilem
1710 3976 1838 4062 ellipsin
1873 3977 1975 4042 offert
1997 4000 2029 4041 v.
2058 3979 2119 4040 137

306 4082 370 4147 Ad
390 4105 487 4170 quas
511 4082 684 4148 accessit
707 4082 892 4168 placidus
916 4083 1044 4169 magis
1068 4081 1246 4146 omnibus
1270 4083 1360 4161 aris,
1377 4082 1435 4148 ubi
1458 4105 1574 4170 quam
1597 4083 1647 4148 ad
1675 4104 1808 4148 omnes
1836 4105 1927 4148 aras
1948 4083 2121 4149 desidera·

306 4201 371 4268 tur,
395 4203 483 4254 etv.
510 4192 572 4256 187
598 4211 647 4275 sq.
696 4187 774 4266 Qui
798 4188 919 4254 dubio
955 4187 1154 4274 quondam
1188 4190 1328 4275 peiora
1362 4191 1544 4276 pericula
1572 4201 1696 4277 ponto
1732 4191 1808 4254 iam
1842 4192 1995 4277 patrias
2030 4213 2121 4256 oras

306 4296 535 4362 tolerabant
559 4317 662 4360 nave
686 4307 881 4373 tenentes,
906 4295 964 4361 ubi
988 4317 1103 4381 quam
1126 4297 1162 4360 in
1187 4295 1309 4361 dubio
1333 4309 1456 4382 ponto
1481 4309 1629 4384 optatur,

412 4509 541 4575 Summi
565 4511 726 4576 momenti
749 4524 801 4576 est
825 4524 858 4575 et
882 4512 990 4576 thesin
1023 4525 1172 4575 nostram
1206 4511 1454 4598 panegyricum
1489 4523 1522 4574 et
1546 4511 1735 4597 periegesin
1770 4532 1837 4574 non
1873 4532 1945 4576 esse
1969 4512 2121 4576 eiusdem

306 4619 454 4684 auctoris
489 4618 640 4705 inprimis
677 4618 864 4696 confirmat,
897 4617 990 4704 quod
1024 4617 1227 4705 panegyrici
1255 4629 1360 4703 poeta
1394 4617 1612 4682 christianum
1647 4639 1683 4682 se
1707 4639 1781 4682 esse
1816 4619 2006 4703 profitetur,
2043 4639 2122 4684 cum

305 4724 499 4812 periegetes
523 4726 619 4790 aliter
643 4725 687 4790 de
712 4724 811 4790 rebus
835 4724 955 4789 divinis
979 4727 1118 4790 sensisse
1142 4725 1308 4789 videatur.
2083 4737 2084 4740 ’

412 4838 591 4904 Confessio
616 4842 795 4906 christiana
819 4843 1020 4930 panegyrici
1044 4841 1192 4906 auctoris
1216 4861 1258 4905 ex
1281 4841 1332 4904 his
1356 4841 1440 4906 locis
1462 4855 1626 4928 apparet:

413 4955 471 5019 Ad
506 4957 704 5020 memoriam
740 4957 909 5022 novissimi
945 4957 1012 5021 diei
1047 4957 1236 5021 excitamur
1271 4957 1383 5021 verbis
1416 4981 1446 5020 v.
1477 4959 1518 5020 55
1552 4981 1620 5042 sq,
1657 4955 1777 5043 quibus
1813 4955 1897 5022 deus
1928 4957 2119 5044 appellatur

305 5073 431 5148 pater,
455 5063 521 5148 qui
546 5063 634 5148 pari
659 5063 760 5128 libra
784 5065 877 5128 iusti
906 5077 1106 5128 momenta
1130 5077 1327 5150 repensat.
