4592 5766
1148 455 1253 471 Awafla

299 578 405 643 verba
442 589 576 642 vertens
612 577 726 659 (Dion.
762 601 793 640 v.
820 579 909 660 804.)
942 579 1083 664 propria
1118 578 1223 644 verba
1260 577 1431 645 addiderit
1464 603 1496 642 v.
1535 580 1594 642 'l'll
1633 601 1682 666 sq.
1718 579 1873 644 moenia
2028 577 2107 642 Ro-

296 685 501 772 manisque
524 685 589 771 pie
613 685 748 772 regnis
771 683 1018 749 dominantia
1041 684 1185 750 mundo
1209 696 1244 749 et
1267 685 1376 750 multis
1399 685 1471 749 aliis
1506 685 1589 751 locis
1624 685 1802 751 relationes
1837 687 1888 770 (ut
1911 707 1941 748 v.
1970 687 2031 750 185
2056 707 2105 770 sq.

296 792 439 879 Vergilii
463 791 506 856 de
530 791 665 856 Didone
689 791 928 873 narrationem)
952 805 1011 856 aut
1034 790 1278 877 descriptiones
1301 791 1436 856 aliunde
1449 792 1611 879 repetitas
1625 793 1784 857 mirorum
1807 791 1970 879 lapidum,
1994 793 2107 856 avium

296 911 361 965 etc.
387 899 566 978 interserit,
591 911 716 963 terram
740 911 892 963 sanctam
916 899 1046 962 silentio
1069 897 1279 984 praeterire?

403 1033 481 1098 Non
506 1033 613 1097 minus
634 1033 858 1096 insolentera
886 1030 1123 1096 Wernsdorfio
1159 1031 1220 1116 (cf.
1257 1043 1372 1095 notam
1396 1030 1441 1095 ad
1465 1055 1496 1095 v.
1522 1033 1556 1114 3)
1591 1031 1806 1098 contenditur
1840 1031 1945 1098 verba
1969 1056 2000 1096 v.
2025 1035 2044 1096 3
2069 1033 2106 1095 in

298 1162 395 1228 quas
423 1139 634 1226 imperium
668 1137 903 1203 mortalibus
928 1138 1013 1224 ipse
1037 1137 1185 1203 dedisti
1209 1138 1390 1202 christiano
1425 1159 1520 1203 more
1544 1137 1698 1204 adhiberi
1722 1151 1756 1204 et
1780 1161 1823 1204 ex
1858 1142 1962 1206 sacris
1990 1139 2106 1204 litteris

295 1245 383 1311 Gen.
408 1245 432 1324 I,
458 1248 498 1310 28
534 1245 642 1310 videri
678 1266 853 1330 expressas
888 1265 970 1309 esse.
1017 1242 1124 1322 Quod
1160 1267 1180 1308 a
1215 1243 1448 1310 Wemsdorfio
1483 1246 1557 1331 ipso
1594 1247 1769 1324 refellitur,
1793 1268 1870 1311 curn
1904 1257 2106 1334 argumenta

295 1353 427 1432 afferat,
452 1375 494 1417 ex
519 1352 639 1440 quibus
664 1366 808 1440 apparet
833 1353 933 1416 etiam
956 1352 1099 1439 gentiles
1123 1352 1278 1418 docuisse
1302 1352 1471 1415 hominem
1504 1352 1602 1416 terris
1625 1364 1658 1417 et
1682 1354 1802 1417 ceteris
1826 1353 2023 1419 animalibus
2047 1354 2107 1417 im·

294 1480 435 1546 perare:
461 1459 563 1523 Ovid.
588 1459 671 1523 Met.
696 1459 721 1538 l,
747 1461 786 1523 77
813 1507 820 1522 .
846 1508 853 1522 .
879 1508 886 1522 .
911 1458 1017 1545 quod
1040 1458 1236 1524 dominari
1266 1461 1302 1523 in
1338 1471 1473 1524 cetera
1507 1471 1653 1546 posset,
1689 1474 1804 1525 natus
1840 1461 1955 1526 homo
1980 1472 2038 1525 est
2073 1472 2107 1524 et

294 1563 380 1636 Plin.
405 1567 478 1630 hist.
504 1579 571 1632 nat.
596 1564 702 1652 praef.
726 1565 802 1630 libri
826 1565 900 1629 Vll.
926 1615 934 1629 .
956 1615 963 1629 .
989 1616 996 1630 .
1021 1566 1165 1630 animal
1190 1565 1335 1632 ceteris
1359 1566 1655 1651 imperaturum.
1743 1631 1747 1638 ,

402 1699 481 1764 Non
505 1699 584 1765 dico
608 1701 803 1787 periegeten
828 1700 998 1764 ethnicum
1022 1697 1134 1778 fuisse,
1159 1699 1216 1786 qui
1239 1711 1371 1764 veteres
1394 1697 1476 1764 deos
1500 1698 1667 1778 crederet,
1692 1699 1752 1765 sed
1776 1701 1910 1766 minime
1926 1721 2107 1788 argumen-

295 1807 337 1870 tis
360 1806 499 1892 probari
523 1819 638 1894 potest
662 1829 738 1872 eum
774 1807 989 1872 christianam
1024 1807 1222 1894 religionem
1256 1808 1334 1894 lege
1369 1807 1533 1870 sancitam
1566 1807 1759 1892 professum
1783 1828 1857 1872 esse
1884 1808 1970 1872 sicut
2003 1828 2109 1892 pane-

293 1913 407 2002 gyrici
430 1925 616 1978 auctorem.
664 1913 798 2000 Opinor
821 1915 932 2002 potius
956 1912 1180 1992 Priscianum‚
1215 1914 1271 2001 qui
1306 1914 1373 1977 iam
1404 1925 1481 1978 ante
1502 1911 1678 1999 Justiniani
1713 1913 1979 1979 dominationem
2002 1913 2108 1978 maxi·

296 2040 387 2084 mam
411 2034 543 2106 partem
567 2021 656 2086 vitae
681 2020 836 2107 degerat,
860 2039 928 2103 quo
952 2033 1105 2107 tempore
1129 2021 1309 2107 paganitas
1326 2020 1569 2085 christianismo
1585 2019 1735 2086 nondum
1758 2023 1858 2108 plane
1879 2033 2011 2086 remota
2034 2033 2109 2085 erat

296 2125 358 2191 sed
380 2148 506 2192 novam
529 2126 718 2193 doctrinam
754 2128 931 2214 disciplina
965 2128 1203 2214 neoplatonica
1231 2128 1449 2192 vehementer
1483 2125 1718 2214 impugnabat,
1752 2128 1874 2194 librum
1898 2151 1993 2194 suum
2026 2148 2108 2216 geo-

295 2233 497 2321 graphicum
525 2235 557 2297 in
586 2257 683 2299 usum
713 2235 904 2300 scholarum
933 2236 1097 2321 scriptum
1119 2236 1166 2299 ita
1189 2235 1378 2312 instituisse,
1403 2245 1439 2298 ut
1463 2235 1493 2298 ei
1517 2235 1613 2320 quasi
1637 2234 1767 2301 indoles
1791 2236 1987 2301 simultanea
2011 2247 2108 2312 esset,

296 2353 332 2406 ut
356 2339 399 2405 ab
424 2341 596 2427 utriusque
621 2341 789 2429 religionis
812 2340 1062 2406 confessoribus
1086 2342 1157 2406 sine
1182 2340 1367 2406 offensione
1391 2341 1457 2428 legi
1481 2353 1606 2428 posset.

403 2472 565 2537 Manitius
588 2473 621 2536 in
645 2475 767 2539 Museo
791 2474 958 2540 Rhenano
982 2472 1102 2539 XLIV
1114 2497 1148 2561 p.
1174 2477 1238 2539 544
1263 2487 1375 2539 monet
1398 2475 1583 2562 Hugonem
1617 2470 1660 2540 de
1684 2474 1868 2564 Trimberg
1891 2475 2109 2540 disserentem

295 2579 341 2645 de
365 2579 538 2644 Prisciano
552 2593 708 2666 questum
733 2603 824 2646 esse:
849 2581 986 2646 Laude
1011 2580 1169 2667 quidem
1193 2580 1353 2668 dignior
1382 2580 1490 2645 foret
1513 2580 1752 2661 Priscianus,
1777 2583 1813 2647 si
1836 2583 2045 2647 mansisset
2068 2594 2110 2646 ut

296 2699 382 2753 erat
417 2687 570 2774 pridem
606 2689 858 2753 christianus.
906 2688 1068 2753 Manitius
1092 2689 1249 2774 opinatur
1269 2687 1334 2752 hoc
1368 2687 1529 2752 iudicium
1553 2688 1732 2753 oriundum
1756 2711 1829 2754 esse
1853 2711 1896 2753 ex
1930 2691 2000 2754 vita
2024 2710 2109 2776 qua-

295 2792 377 2858 dam
401 2791 565 2860 Prisciani
588 2795 782 2881 posterioris
806 2795 936 2860 aetatis.
984 2794 1050 2861 Cui
1079 2816 1146 2860 non
1182 2793 1354 2859 assentior.
1400 2793 1570 2881 Equidem
1604 2816 1727 2861 censeo
1751 2795 2049 2884 Trimbergensem
2076 2797 2109 2859 in

296 2901 385 2966 hunc
410 2923 558 2966 errorem
583 2923 623 2967 eo
648 2902 821 2967 inductum
845 2922 929 2980 esse,
954 2901 1046 2989 quod
1082 2902 1251 2988 religionis
1275 2899 1464 2965 discrimine
1500 2915 1689 2966 nostrorum
1712 2903 1899 2967 carminum
1923 2915 2109 2980 auctorum,

297 3028 386 3094 quae
410 3011 512 3096 vulgo
545 3009 696 3074 eiusdem
720 3011 845 3074 nomini
880 3009 1169 3087 adscribebantur,
1203 3009 1339 3096 cognito
1374 3008 1518 3094 putabat
1541 3008 1759 3086 Priscianum‚
1795 3008 1877 3073 dum
1911 3008 2110 3074 christianus

300 3126 383 3192 erat,
407 3117 655 3203 panegyricum
681 3129 715 3181 et
738 3129 859 3204 postea
883 3117 1043 3205 religione
1067 3129 1196 3180 mutata
1218 3115 1409 3202 periegesin
1434 3115 1671 3202 composuisse.

404 3247 555 3335 Quoquo
579 3250 682 3315 modo
707 3273 761 3316 res
785 3273 821 3316 se
845 3251 960 3328 habet,
995 3249 1030 3315 id
1066 3249 1204 3336 quidem
1238 3247 1318 3312 mihi
1354 3248 1487 3313 videtur
1510 3261 1667 3314 constare
1700 3261 1874 3314 auctorem
1897 3249 2110 3338 panegyrici,

298 3357 355 3442 qui
379 3378 457 3421 vere
482 3377 694 3443 personam
718 3359 977 3424 christianam
999 3356 1146 3444 ubique
1168 3377 1266 3442 prae
1290 3377 1329 3420 se
1353 3353 1441 3432 fert,
1466 3376 1531 3420 non
1554 3356 1729 3440 scripsisse
1752 3355 1885 3434 librum,
1916 3355 1954 3424 ¹in
1977 3377 2045 3442 quo
2069 3377 2111 3420 ne

297 3464 423 3528 mentio
448 3464 586 3550 quidem
609 3465 647 3528 fit
672 3465 894 3530 confessionis
919 3465 1130 3530 christianae.

404 3587 630 3682 Endlicherus
651 3590 683 3652 in
708 3591 910 3678 panegyrici
935 3589 1081 3654 editione
1105 3611 1139 3674 p.
1163 3585 1234 3651 XV
1251 3584 1334 3650 dicit
1357 3587 1443 3650 inter
1466 3587 1667 3674 periegesin,
1684 3588 1834 3674 inprimis
1850 3588 1936 3652 inter
1952 3599 2112 3674 quattuor

298 3693 371 3759 illos
395 3717 510 3760 versus
538 3698 641 3759 1—4:

619 3875 773 3940 Naturae
796 3875 942 3964 genitor,
967 3897 1053 3962 quae
1079 3872 1240 3938 mundum
1264 3875 1414 3939 continet
1438 3894 1583 3950 omnem,

618 3980 756 4061 Adnue,
782 4005 841 4048 rex
866 3983 962 4061 caeli,
986 3982 1133 4068 positum
1156 3981 1280 4045 telluris
1305 3993 1338 4045 et
1362 3979 1484 4058 undae,

622 4088 659 4153 ln
683 4110 771 4177 quos
794 4089 970 4174 imperium
995 4087 1191 4152 mortalibus
1215 4088 1286 4173 ipse
1311 4085 1444 4164 dedisti,
1552 4136 1558 4151 .

619 4195 787 4261 Materiae
812 4209 926 4260 tantae
951 4217 1004 4259 me
1029 4216 1183 4280 promere
1208 4195 1357 4260 carmine
1382 4193 1486 4282 digno

298 4395 385 4460 quos
413 4372 605 4439 Priscianus
640 4396 658 4436 e
695 4397 754 4439 suo
790 4373 986 4460 praefixerit
1021 4373 1132 4438 animo
1168 4385 1202 4438 et
1235 4374 1482 4460 panegyricum
1527 4394 1592 4438 non
1628 4373 1786 4460 exiguam
1821 4371 1885 4436 stili
1917 4371 2114 4436 affinitatem

297 4480 530 4557 intercedere3
555 4494 756 4568 argumenta
780 4503 845 4546 non
869 4481 984 4545 affert.
1031 4477 1121 4546 Sane
1145 4481 1263 4568 negari
1297 4501 1365 4544 non
1399 4491 1512 4566 potest
1536 4480 1596 4544 hos
1631 4500 1747 4544 versus
1771 4480 1942 4568 elegantia
1965 4478 2115 4566 quadam

298 4589 506 4673 compositos
530 4609 613 4665 esse,
649 4588 677 4652 si
702 4599 833 4652 ceteros
867 4587 1056 4674 periegesis
1090 4609 1205 4652 versus
1230 4607 1420 4672 comparas,
1456 4586 1516 4651 sed
1551 4587 1583 4649 in
1607 4587 1828 4674 panegyrico,
1864 4587 1991 4651 utiam
2015 4606 2115 4671 supra

299 4693 567 4759 demonstratum
598 4705 648 4758 est
683 4699 730 4780 (p.
762 4697 805 4778 7),
842 4715 1006 4782 nusquam
1041 4695 1165 4779 copula
1189 4705 1226 4757 et
1261 4705 1339 4758 ante
1370 4693 1521 4757 ultimam
1551 4694 1639 4757 arsin
1667 4694 1803 4779 ponitur
1826 4714 1937 4780 neque
1972 4713 2115 4778 usquam

299 4801 505 4868 adiectivum
529 4801 672 4889 dignus
696 4823 774 4867 cum
797 4801 949 4890 genitivo
973 4801 1196 4887 coniungitur,
1219 4822 1322 4886 quam
1359 4802 1646 4866 constructionem
1681 4801 1713 4864 in
1736 4825 1768 4864 v.
1793 4802 1814 4863 4
1838 4799 2022 4887 periegesis
2044 4797 2115 4862 vul-

299 4921 382 4998 gata
416 4909 518 4974 lectio
550 4909 696 4995 praebet
731 4909 1082 4992 (ci.Wer11sdorfium
1118 4909 1137 4971 l.
1164 4928 1194 4971 c.
1217 4929 1250 4992 p.
1276 4909 1365 4990 266).
1414 4907 1520 4986 Quod
1555 4907 1637 4973 deus
1669 4908 1818 4972 similiter
1854 4919 1956 4993 atque
1990 4926 2115 4993 paneg.

298 5040 330 5081 v.
348 5018 407 5081 101
434 5017 572 5082 summi
594 5017 795 5105 genitoris
817 5017 945 5104 perieg.
971 5039 1002 5080 ν.
1030 5023 1045 5083 1
1072 5014 1251 5078 Naturae
1274 5016 1435 5102 genitor
1458 5027 1493 5081 et
1515 5014 1662 5079 similiter
1686 5034 1727 5079 ac
1750 5035 1865 5101 paneg
1888 5036 1920 5077 v.
1946 5014 1965 5076 2
1989 5012 2116 5078 caele·

300 5123 372 5188 stis
396 5145 476 5201 rex,
501 5126 542 5188 38
567 5125 671 5190 caeli
696 5145 776 5204 rex,
800 5126 862 5190 271
890 5145 959 5188 rex
985 5121 1175 5187 caelestis
1199 5123 1275 5199 286,
1299 5143 1368 5186 rex
1392 5123 1643 5208 omnipotens
1666 5122 1795 5210 perieg.
1819 5145 1851 5185 v.
1877 5120 1896 5182 2
1921 5141 1990 5184 rex
2013 5119 2117 5184 caeli
