4592 5766
1183 338 1212 426 'o

1150 451 1255 464 m

615 577 691 640 818.
738 574 928 663 Lyrnessos
953 574 965 662 ΙΙ
991 573 1182 662 Mallosque
1202 578 1206 660 Ι
1227 576 1324 641 simul
1349 574 1362 665 ΙΙ
1387 576 1498 642 vicina
1521 576 1705 664 profundo.

615 685 691 749 877.
736 681 896 770 Namque
920 683 1004 772 thyo
1030 681 1042 768 ΙΙ
1068 704 1273 771 smymaque
1295 685 1298 767 Ι
1320 683 1411 771 riget
1436 681 1448 770 ΙΙ
1474 703 1551 748 curn
1575 685 1657 748 turis
1681 683 1796 749 odore.

614 793 689 856 905.
735 791 918 856 Armeniae
945 787 957 878 ΙΙ
983 792 1173 878 longusque
1193 790 1198 877 Ι
1219 801 1323 856 noton
1349 788 1362 878 ΙΙ
1386 788 1576 876 pertendit3
1600 801 1633 855 et
1656 791 1744 856 inde.

615 900 689 963 942.
737 897 813 963 Geli
836 909 911 961 sunt
936 894 949 984 ΙΙ
975 895 1156 984 Mardique
1178 900 1182 981 Ι
1203 894 1265 961 viri
1290 893 1302 984 ΙΙ
1328 896 1426 960 simul
1450 894 1664 983 Atrapateni.

595 1005 690 1069 1003.
738 1003 853 1069 Oritas
879 1003 891 1092 ΙΙ
915 1003 1109 1091 Aribasque
1131 1007 1135 1086 Ι
1156 1003 1253 1068 simul
1279 999 1291 1090 ΙΙ
1317 1002 1441 1089 linique
1464 1000 1669 1068 Arachotas.

595 1114 690 1178 1051.
736 1111 930 1177 Devolvens
956 1110 968 1200 ΙΙ
994 1111 1217 1202 Hypanisque
1238 1113 1242 1193 Ι
1263 1110 1366 1174 trahit
1391 1107 1403 1197 ΙΙ
1429 1108 1636 1197 rapidusque
1659 1109 1849 1200 Magarsus.

595 1221 689 1284 1084.
737 1218 782 1284 Et
806 1219 899 1284 fluvii
926 1217 937 1306 ΙΙ
963 1233 1172 1306 montesque,
1193 1217 1199 1304 Ι
1219 1217 1312 1284 lacus
1337 1215 1350 1304 ΙΙ
1376 1237 1460 1304 quos
1484 1216 1634 1283 continet
1657 1217 1759 1283 orbis.

398 1388 512 1454 Etiam
535 1389 567 1454 in
592 1410 691 1453 versu

613 1517 688 1581 939.
735 1513 852 1579 Cissos
875 1513 1161 1600 Massabatasque
1186 1512 1198 1600 ΙΙ
1224 1511 1489 1600 Chalonitasque
1512 1513 1648 1578 feroces

292 1677 470 1722 caesuram
491 1659 567 1720 κατα·
586 1665 686 1744 τρίτον
704 1671 843 1741 τροχαῖον
862 1677 963 1743 quam
982 1655 1271 1742 penthemimeren
1302 1675 1434 1720 sumere
1457 1655 1585 1734 malim,
1610 1657 1809 1741 praesertim
1833 1679 1911 1723 cum
1934 1659 1988 1723 illa
2012 1660 2108 1725 aliter

292 1785 336 1830 ac
357 1764 561 1852 panegyrici
584 1786 616 1827 v.
642 1764 705 1828 268
730 1784 796 1827 non
820 1762 1050 1827 trithemimeri
1074 1773 1108 1827 et
1131 1761 1411 1848 hephthemimeri
1435 1774 1493 1826 aut
1516 1763 1623 1827 altera
1647 1785 1761 1828 earum
1785 1763 1951 1830 fulciatur.

402 1906 536 1972 Eadem
559 1903 668 1970 forma
691 1905 740 1969 VI
764 1903 980 1970 Graecanica
1003 1905 1206 1992 minimeque
1229 1901 1354 1968 Latina
1377 1903 1543 1968 invenitur

558 2055 589 2096 v.
616 2033 691 2096 525.
738 2031 954 2120 Aegylaque‚
979 2030 1057 2097 inde
1081 2030 1246 2118 Cythera,
1272 2029 1283 2116 ΙΙ
1310 2029 1471 2096 Calauria
1493 2029 1579 2096 dura
1603 2033 1741 2100 colonis.

292 2175 330 2238 F.
356 2173 415 2238 IV.
441 2174 461 2238 i.
486 2196 515 2239 e.
539 2175 848 2260 hephthemimeres
871 2197 948 2240 cum
971 2174 1202 2261 praecedente
1226 2195 1367 2239 caesura
1390 2175 1467 2236 κατὰ
1485 2183 1583 2260 τρίτον
1601 2189 1745 2261 τροχαῖον
1764 2180 1868 2241 semel
1891 2190 2003 2243 exstat

560 2323 591 2364 v.
618 2302 693 2365 294.
741 2298 831 2365 Hinc
854 2312 930 2363 sunt
953 2298 1181 2385 Germanique
1202 2304 1206 2382 Ι
1226 2309 1338 2364 truces
1364 2296 1376 2385 ΙΙ
1402 2311 1436 2364 et
1460 2297 1617 2364 Sarmata
1640 2300 1761 2366 bellax.
1876 2313 1879 2316 '

292 2441 332 2506 F.
352 2441 395 2506 V.
418 2443 491 2507 sive
516 2441 782 2506 trithemimeren
807 2463 883 2506 cum
907 2442 1103 2528 insequente
1127 2463 1268 2506 caesura
1296 2440 1449 2506 muliebri
1472 2442 1561 2506 tertii
1585 2442 1682 2528 pedis
1704 2443 1888 2531 periegesis
1911 2443 1963 2509 bis
1986 2443 2104 2508 habet:

559 2609 589 2650 v.
616 2588 690 2650 518.
739 2583 909 2650 Continuo
936 2584 948 2672 ΙΙ
973 2597 1051 2670 post
1073 2586 1177 2650 hasce
1198 2589 1202 2671 Ι
1223 2584 1430 2651 Liburnidas
1453 2585 1576 2671 aspicis
1599 2587 1694 2649 altas.

612 2695 687 2759 578.
735 2691 821 2759 Sunt
845 2693 1015 2780 geminae,
1041 2691 1053 2780 ΙΙ
1078 2692 1259 2779 Rhenique
1280 2695 1284 2776 Ι
1305 2692 1517 2757 Britannides
1542 2692 1627 2756 ostia
1651 2705 1801 2757 cernunt.

293 2836 331 2900 F.
357 2836 397 2901 II.
423 2837 492 2901 sive
516 2835 782 2900 trithemimeren
807 2856 883 2901 cum
907 2837 1103 2922 insequente
1126 2835 1408 2921 hephthemimeri
1432 2846 1552 2922 quater
1575 2835 1779 2921 reperimus:

556 2985 588 3026 v.
637 2963 688 3025 l8.
736 2959 834 3025 Haec
857 2959 996 3047 Libyes,
1023 2961 1034 3048 ΙΙ
1060 2962 1146 3026 haec
1169 2960 1337 3046 Europes,
1363 2957 1376 3046 ΙΙ
1402 2958 1546 3024 adversa
1569 2959 1706 3024 tuendo.

610 3069 686 3132 356.
734 3067 834 3134 Hunc
858 3066 1013 3132 habitant
1038 3065 1049 3154 ΙΙ
1075 3089 1184 3156 prope
1207 3067 1339 3133 Lucani
1365 3066 1377 3154 ΙΙ
1402 3066 1577 3153 Brettique
1602 3067 1722 3132 coloni.

612 3177 687 3239 408.
735 3174 899 3260 Alpheus,
927 3173 938 3260 ΙΙ
965 3176 1022 3260 qui
1046 3173 1193 3239 Messeni
1219 3173 1231 3262 ΙΙ
1256 3173 1456 3240 discinditur
1478 3173 1587 3238 undis.

611 3284 685 3346 947.
733 3281 831 3346 Haec
854 3294 996 3368 generat
1023 3281 1034 3368 ΙΙ
1060 3282 1258 3348 narcissiten
1284 3280 1296 3368 ΙΙ
1322 3280 1450 3345 oriente
1474 3280 1536 3345 sub
1561 3281 1645 3366 ips0.

396 3422 495 3501 Quos
526 3444 641 3488 versus
672 3421 717 3487 ad
741 3421 780 3486 F.
805 3422 828 3486 l.
854 3421 983 3489 referre
1007 3445 1073 3488 non
1097 3445 1274 3509 possumus
1297 3423 1383 3488 sicut
1406 3423 1607 3510 panegyrici
1629 3446 1661 3486 v.
1686 3445 1717 3486 v.
1746 3425 1804 3487 121
1832 3436 1866 3489 et
1888 3425 1963 3490 278.
2010 3423 2105 3489 Idem

287 3532 361 3595 fieri
385 3553 453 3618 non
475 3542 589 3617 potest

556 3679 588 3718 v.
616 3657 690 3719 893.
738 3653 915 3740 Speluncis
941 3655 953 3741 Ι
978 3677 1085 3742 genus
1109 3655 1224 3719 infelix
1251 3655 1263 3740 Ι
1288 3643 1446 3719 et'rebus
1470 3655 1594 3740 egenis.

397 3797 554 3863 Eandem
577 3797 621 3862 ob
646 3818 783 3863 causam

555 3947 586 3986 v.
614 3926 687 3986 158.
734 3924 849 4010 Atque
875 3922 1091 3988 Carambidis
1115 3924 1268 4008 irrumpit
1295 3924 1307 4008 Ι
1332 3943 1441 4008 prope
1466 3921 1563 3987 litora
1586 3934 1727 4007 pontum

293 4048 327 4112 in
351 4069 528 4112 numerum
551 4069 668 4112 eorum
692 4070 848 4112 versuum
873 4047 1043 4124 adscribo,
1067 4049 1124 4134 qui
1148 4047 1236 4111 illam
1261 4048 1408 4111 formam
1436 4067 1597 4111 caesurae
1621 4069 1641 4111 a
1664 4049 1773 4134 poetis
1797 4049 1960 4114 classicae
1984 4048 2104 4114 aetatis

291 4166 477 4244 argenteae
502 4175 568 4218 non
591 4155 748 4218 usitatam
773 4152 828 4236 (cs.
846 4153 987 4218 Birtium
1012 4155 1031 4216 l.
1057 4176 1086 4219 c.
1111 4177 1144 4240 p.
1162 4155 1219 4236 42)
1243 4167 1436 4240 sequuntur,
1460 4175 1548 4240 quae
1572 4176 1704 4218 versum
1728 4155 1799 4220 sola
1820 4155 2101 4242 hephthemimeri

290 4261 418 4327 incidit.
466 4260 607 4326 Praeter
630 4263 718 4326 hunc
742 4284 878 4326 versum
902 4261 1045 4326 eandem
1068 4260 1216 4325 formam
1239 4259 1400 4324 exhibent
1423 4261 1510 4325 duo:

554 4420 586 4459 v.
613 4397 687 4458 254.
736 4395 802 4460 Hic
826 4396 910 4481 lapis
933 4395 1184 4480 Heeliotropius
1211 4395 1213 4405 '
1248 4397 1305 4481 qui
1328 4397 1463 4459 nomine
1486 4417 1579 4460 vero.

609 4503 684 4565 412.
735 4501 894 4568 Arcades
918 4501 1089 4587 Apidanei
1114 4501 1175 4566 sub
1202 4502 1214 4591 Ι
1239 4506 1395 4589 scopulos
1419 4501 1629 4590 Erymanthi.

400 4653 488 4719 Cum
511 4654 577 4719 hoc
601 4673 708 4740 genus
731 4653 902 4718 divisionis
925 4677 987 4740 per
1010 4676 1046 4718 se
1070 4653 1196 4718 habeat
1219 4653 1345 4742 aliquid
1368 4654 1454 4730 duri,
1478 4675 1596 4718 versus
1611 4656 1677 4718 412
1694 4677 1828 4720 omnem
1852 4657 2100 4744 eurhythmiam

291 4772 327 4824 et
350 4760 553 4846 euphoniam
577 4759 681 4824 laedit
705 4759 835 4825 duabus
860 4761 970 4849 longis
991 4759 1165 4826 vocalibus
1189 4751 1208 4824 ἒ
1235 4753 1260 4840 1,
1291 4761 1377 4825 inter
1407 4783 1491 4848 quas
1520 4783 1663 4827 caesura
1686 4760 1909 4841 desideratur,
1944 4764 1977 4826 in
1999 4763 2102 4828 tertio

292 4865 384 4952 pede
401 4866 677 4932 convenientibus
690 4881 723 4932 et
740 4868 1020 4954 hephthemimeri
1036 4880 1113 4954 post
1128 4867 1414 4953 praepositionem
1430 4867 1643 4954 subposita,
1667 4889 1755 4954 quae
1772 4881 1823 4934 est
1838 4868 1934 4934 unius
1949 4868 2102 4958 syllabae

288 4994 400 5061 neque
425 4994 502 5039 cum
518 4973 629 5038 verbis
645 4973 886 5061 praeeuntibus
910 4973 1081 5062 iungenda
1105 4986 1154 5038 est
1178 4973 1238 5038 sed
1262 4995 1339 5040 curn
1362 4977 1558 5061 insequente
1583 4977 1805 5063 scopulos,
1827 4997 1849 5040 a
1872 4997 1939 5063 quo
1959 4997 2102 5042 caesura

288 5081 566 5168 semiseptenaria
589 5082 765 5147 dirimitur.
