4592 5766
1145 499 1156 506 -r
1191 494 1248 506 *lxo*-

396 615 427 701 J.
444 613 648 702 Hilbergius,
666 614 1036 700 Verhandlungen
1060 616 1134 679 der
1158 617 1209 679 39.
1235 615 1565 704 Versammlung
1588 616 1822 682 deutscher
1845 615 2103 706 Philologen

289 722 373 787 und
398 721 706 788 Schulmanner
730 723 769 786 in
792 721 949 786 Zbrich
978 723 1072 800 1887,
1098 721 1276 809 Lipsiae
1303 725 1386 788 1888
1411 745 1444 808 p.
1463 724 1537 803 240,
1570 736 1604 788 et
1630 725 1703 811 ipse
1728 723 1865 810 quidem
1892 724 2103 790 demonstrat

289 831 391 894 talem
416 829 656 893 sententiarum
678 827 932 894 dissolutionem
955 841 1088 915 turpem
1112 851 1185 894 esse
1208 853 1262 892 vv.
1290 831 1328 893 77
1354 842 1388 895 et
1412 831 1476 894 279
1501 831 1661 910 afferens,
1690 830 1750 896 sed
1774 853 1842 895 non
1865 831 2103 896 animadvertit

289 960 321 1004 v.
347 938 388 1001 38
413 935 504 1000 idem
527 937 644 999 vitium
667 934 803 1000 habere.
851 935 962 1001 Recte
984 934 1181 1022 Hilbergius
1206 949 1319 1002 monet
1336 959 1377 1001 ea
1400 939 1482 1001 vitia
1506 937 1608 1002 modo
1632 959 1674 1003 eo
1698 939 1852 1002 excusari
1875 958 1987 1024 posse,
2010 939 2103 1024 quod

291 1043 466 1108 Prisciano
499 1043 670 1129 ingenium
702 1043 874 1128 poeticum
907 1041 1066 1121 defuerit,
1090 1064 1156 1106 non
1190 1042 1282 1128 quod
1314 1044 1399 1109 haec
1423 1044 1554 1110 inscitia
1582 1045 1702 1110 aetatis
1726 1044 1941 1110 Priscianeae
1964 1047 2103 1132 propria

291 1152 409 1226 fuerit3
444 1171 522 1213 nam
546 1149 627 1214 alios
650 1161 770 1235 poetas
794 1149 955 1236 aequales
979 1148 1232 1237 diligentissime
1256 1151 1340 1215 tales
1364 1171 1481 1216 versus
1505 1150 1638 1216 vitasse.

398 1292 491 1357 Idem
516 1292 710 1380 Hilbergius
740 1293 760 1355 l.
786 1313 815 1357 c.
839 1316 872 1379 p.
902 1294 967 1357 232
995 1315 1046 1381 sq.
1071 1295 1289 1381 reprehendit
1313 1293 1546 1359 nonnullorum
1569 1307 1748 1380 poetarum
1770 1316 1898 1373 versuS,
1921 1295 1980 1381 qui
2003 1315 2101 1382 asyn-

291 1400 395 1466 deton
427 1400 612 1465 sententiae
643 1411 720 1484 post
752 1400 894 1463 alterum
925 1400 1049 1487 pedem
1081 1401 1289 1489 dactylicum
1319 1400 1492 1487 praebent.
1539 1400 1638 1466 Hanc
1668 1401 1975 1487 interpunctionem
2000 1403 2102 1466 etiam

291 1509 324 1571 in
348 1507 515 1596 periegesi
540 1508 641 1571 semel
666 1519 834 1570 notamus:

555 1655 587 1696 v.
616 1633 687 1696 191.
733 1631 818 1696 Esse
842 1632 942 1698 Nean
965 1633 1073 1719 polin3
1096 1631 1186 1696 hanc
1211 1630 1223 1719 ΙΙ
1250 1653 1352 1718 supra
1375 1633 1552 1698 iustissima
1574 1634 1698 1698 fertur.

397 1738 476 1803 Alia
499 1738 675 1803 intervalla
698 1739 977 1825 interpunctionis
1001 1739 1213 1804 inveniuntur
1236 1751 1269 1804 et
1293 1742 1397 1805 semel
1419 1753 1499 1826 post
1521 1742 1706 1806 secundum
1730 1741 1927 1806 trochaeum

556 1888 588 1928 v.
613 1866 687 1929 497,
735 1864 825 1953 Ignis
849 1877 883 1929 et
906 1864 1014 1941 unda;
1038 1865 1141 1929 salem
1165 1886 1310 1951 namque
1334 1865 1425 1930 illum
1449 1865 1579 1930 solvere
1602 1865 1759 1930 flammae

291 1986 324 2036 et
349 1984 400 2036 ter
423 1983 501 2058 post
524 1972 723 2036 trochaeum
747 1971 853 2058 quinti
875 1970 973 2058 pedis

557 2119 588 2160 v.
614 2097 688 2160 534.
735 2095 824 2160 Nam
848 2119 951 2183 purus
975 2115 1077 2162 carae
1100 2096 1229 2181 potitur
1252 2095 1388 2160 telluris.
1437 2095 1592 2160 Abantas

610 2205 685 2266 535.
732 2200 842 2289 Supra
866 2217 942 2268 sunt
965 2202 1108 2268 Salamis
1132 2224 1286 2267 necnon
1309 2202 1456 2290 Aegina.
1480 2202 1541 2267 sed
1564 2214 1657 2267 ortus

610 2310 684 2372 945.
732 2309 914 2375 Armeniae
938 2312 1124 2398 longusque
1149 2323 1252 2374 noton
1276 2309 1463 2396 pertendit;
1487 2322 1521 2374 et
1544 2308 1632 2374 inde.

395 2449 567 2515 Lucienus
600 2449 797 2530 Muellerus,
830 2454 887 2540 qui
920 2455 952 2518 in
983 2452 1069 2518 libro
1098 2452 1141 2517 de
1165 2474 1201 2516 re
1225 2464 1321 2516 metr.
1345 2463 1437 2538 poet.
1462 2449 1539 2516 Lat.
1564 2475 1597 2538 p.
1625 2453 1687 2516 190
1711 2472 1785 2538 sqq.
1810 2451 1956 2518 ostendit
1979 2465 2101 2539 poetas

289 2557 431 2623 Latinos
448 2579 623 2622 caesuram
639 2556 830 2623 bucolicam
847 2582 912 2624 non
937 2581 1077 2638 amasse,
1102 2559 1312 2624 Priscianum
1336 2559 1534 2645 ceteroquin
1558 2558 1651 2623 haud
1673 2581 1749 2623 raro
1774 2559 1915 2624 citatum
1938 2558 2098 2648 neglegit.

290 2664 409 2729 incisio
433 2675 511 2750 post
534 2677 691 2751 quartum
716 2664 890 2753 dactylum
913 2667 946 2730 in
969 2666 1137 2755 periegesi
1160 2667 1335 2753 quinquies
1358 2678 1484 2730 exstat:

556 2795 586 2835 v.
615 2773 687 2836 157.
735 2771 953 2837 Cimmerium
977 2785 1107 2840 torrens
1130 2797 1194 2862 per
1216 2774 1433 2860 Bosphoron;
1455 2773 1459 2860 Ι
1479 2773 1535 2838 hic
1558 2772 1615 2838 ubi
1639 2772 1792 2838 Taurum

609 2879 684 2942 464.
732 2877 971 2966 Continuoque
994 2877 1106 2946 iaceht
1129 2881 1349 2969 Gymnesiae:
1372 2883 1376 2964 Ι
1397 2881 1457 2944 has
1480 2880 1639 2945 Baleares

611 2988 685 3050 830.
733 2985 810 3051 Hoc
833 2998 906 3050 esto
931 2989 1073 3052 laterum
1096 2987 1238 3052 boreum
1262 2986 1339 3063 tibi;
1360 2987 1364 3072 Ι
1385 2985 1482 3051 Nilus
1505 2985 1551 3050 ad
1575 3007 1650 3052 oras

610 3095 684 3158 886.
733 3094 903 3160 Chaulasii
926 3107 1004 3182 post
1027 3096 1088 3160 hos
1112 3107 1214 3182 atque
1239 3094 1386 3181 Agrees:
1408 3095 1412 3175 Ι
1432 3091 1511 3158 inde
1534 3093 1762 3179 propinquant

610 3201 684 3263 974.
732 3199 822 3266 Hinc
847 3200 956 3267 Coros
980 3202 1158 3266 immensus
1182 3200 1414 3286 profunditur3
1435 3197 1440 3287 Ι
1461 3197 1539 3263 inde
1563 3197 1750 3286 Choaspes.
1814 3267 1817 3272 ,

395 3341 508 3406 Etiam
525 3341 618 3406 aliud
633 3363 740 3430 genus
758 3364 918 3409 caesurae
934 3343 1121 3423 bucolicae,
1145 3365 1212 3430 quo
1229 3345 1345 3408 incisio
1360 3355 1440 3430 post
1456 3355 1613 3430 quartum
1629 3344 1816 3428 spondeum
1832 3344 1879 3420 fit,
1905 3365 1925 3406 a
1941 3341 2101 3420 Christio,

288 3447 416 3513 Metrik
433 3448 495 3513 der
510 3448 680 3514 Griechen
697 3450 767 3515 und
782 3451 911 3516 Romer
926 3474 960 3538 p.
981 3453 1053 3530 193,
1077 3452 1149 3516 iure
1172 3453 1411 3537 vituperatum,
1436 3449 1530 3536 quod
1553 3450 1724 3536 spondeus
1748 3451 1924 3516 molestam
1948 3461 2101 3514 monoto·

290 3557 380 3622 niam
403 3557 435 3620 in
461 3558 628 3622 catalexin
652 3557 829 3623 amborum
853 3558 1081 3624 membrorum
1104 3560 1205 3638 ferat,
1229 3559 1262 3622 in
1285 3547 1451 3645 p'eriegesi
1476 3557 1581 3622 octies
1605 3558 1735 3623 notavi:

558 3687 589 3728 v.
636 3667 689 3729 87.
737 3664 795 3729 Ad
817 3677 933 3752 partes
956 3688 1100 3754 vergens
1124 3666 1296 3730 australes.
1319 3667 1322 3746 Ι
1344 3664 1471 3751 excipit
1493 3665 1593 3728 istum

613 3773 685 3836 148.
732 3772 850 3837 Nervo
874 3773 1005 3838 curvati
1028 3772 1193 3837 distento:
1215 3771 1219 3860 Ι
1239 3772 1382 3836 dextera
1406 3792 1545 3835 nervum

611 3879 686 3943 429.
733 3879 818 3944 Esse
840 3881 1019 3965 potestatis
1042 3878 1207 3943 diversae.
1229 3885 1233 3962 Ι
1254 3899 1399 3964 namque
1423 3876 1555 3942 duobus

605 3987 686 4048 571.
734 3985 908 4050 Atlantem
932 3986 1025 4049 iuxta
1050 3985 1223 4072 longaevi3
1245 3988 1249 4066 Ι
1270 3985 1392 4049 finibus
1417 3985 1495 4049 olim

612 4093 687 4156 828.
734 4091 887 4179 Gurgitis
910 4091 1035 4155 Euxini
1058 4092 1220 4169 vicinum;
1242 4090 1246 4180 Ι
1267 4091 1372 4156 multa
1394 4091 1543 4154 virorum

610 4211 685 4272 837.
733 4207 882 4273 Urbibus
906 4220 941 4272 et
965 4207 1077 4271 multis
1100 4206 1287 4284 habitatur;
1310 4207 1313 4286 Ι
1334 4207 1469 4271 nomine
1491 4206 1603 4293 prisco

610 4318 685 4379 896.
732 4315 811 4379 Non
836 4313 960 4378 Arabis
985 4313 1105 4378 similes
1129 4314 1313 4401 opulentis;
1335 4315 1339 4395 Ι
1361 4313 1489 4378 scilicet
1512 4335 1622 4400 aequa

610 4424 685 4486 941.
732 4420 873 4486 Medica
896 4432 1054 4486 noscetur
1077 4420 1138 4486 tibi
1162 4421 1273 4496 tellus;
1295 4423 1298 4504 Ι
1320 4421 1412 4486 cuius
1436 4419 1482 4484 ad
1505 4441 1595 4484 axes.
1643 4515 1647 4522 ν

396 4564 505 4630 Porro
537 4563 774 4631 animadverto
806 4565 839 4627 in
869 4555 1039 4651 periegesi
1060 4563 1228 4628 licentiam
1252 4561 1424 4649 quandam
1447 4561 1633 4642 metricam,
1658 4585 1760 4651 quam
1782 4564 2010 4652 panegyricus
2033 4584 2100 4626 non

288 4671 408 4748 habet3
433 4671 511 4738 dico
535 4695 632 4738 usum
655 4670 808 4736 brevium
832 4669 1039 4758 syllabarum
1062 4671 1096 4734 in
1119 4670 1185 4734 arsi
1207 4668 1515 4755 producendamm.
1562 4669 1628 4735 Hic
1648 4671 1797 4756 inprimis
1819 4671 1852 4734 in
1873 4671 1987 4735 oculos
2008 4669 2101 4734 cadit

288 4778 320 4842 in
351 4778 464 4844 verbis
503 4779 684 4856 Arabia,
720 4777 904 4856 Arabes,
940 4776 1084 4843 Arabi.
1132 4775 1167 4839 ln
1199 4775 1238 4840 iis
1272 4775 1488 4862 paraphrasis
1522 4775 1647 4841 Latina
1676 4776 1848 4843 Graecum
1879 4778 2101 4864 archetypum

288 4885 441 4972 Dionysii
454 4887 705 4952 accuratissime
719 4885 876 4971 sequitur.
901 4885 993 4948 Nam
1002 4905 1128 4962 versus,
1136 4885 1170 4947 in
1183 4882 1304 4970 quibus
1312 4882 1503 4947 Priscianus
1515 4884 1581 4949 hoc
1592 4886 1704 4972 gentis
1715 4907 1837 4949 nomen
1850 4885 1958 4971 prima
1970 4884 2100 4971 syllaba

287 4991 456 5078 producta
478 4993 637 5080 praebet,
663 4995 737 5057 769.
762 4993 836 5056 865.
863 4993 937 5056 866.
963 4993 1037 5056 870.
1063 4993 1128 5056 890
1152 4989 1358 5076 respondent
1380 4989 1533 5056 versibus
1556 4991 1647 5056 idem
1670 4991 1925 5057 ostendentibus
1948 4991 2101 5078 Dionysii

289 5099 363 5162 862.
396 5101 469 5166 924.
502 5101 576 5164 925.
610 5102 683 5165 930.
715 5101 796 5174 960;
821 5099 900 5164 item
925 5097 1089 5162 Prisciani
1113 5118 1228 5162 versus
1253 5099 1327 5162 868.
1353 5100 1416 5162 896
1442 5119 1549 5185 aeque
1573 5119 1614 5164 ac
1638 5098 1793 5186 Dionysii
1816 5100 1891 5164 927.
1916 5101 1980 5164 968
2004 5098 2101 5164 brevi
