4592 5766
1062 350 1134 453 „33
1160 440 1165 450 ,

203 563 296 628 dent.
343 561 460 656 Solum
490 583 532 626 ex
564 563 625 626 illis
656 561 803 648 quinque
836 562 985 627 versibus
1018 562 1075 644 (cf.
1101 585 1133 648 p.
1162 564 1229 648 12),
1263 561 1319 647 qui
1343 582 1521 626 caesuram
1544 560 1734 626 bucolicam
1758 572 1835 648 post
1859 575 2019 647 quartum

204 669 379 757 dactylum
411 668 586 746 exhibent,
619 680 780 756 quattuor
812 669 1037 756 archetypum
1061 680 1260 756 sequuntur:
1292 691 1323 731 v.
1351 669 1411 732 157
1436 669 1551 752 (Dion.
1580 669 1669 753 167),
1693 669 1758 733 464
1782 668 1899 754 (Dion.
1924 669 2018 754 457),

204 779 271 842 830
294 777 410 862 (Dion.
436 777 528 862 892),
552 777 616 842 886
641 775 756 861 (Dion.
783 777 873 861 956).
921 774 1081 840 Ceterum
1097 774 1288 840 Priscianus
1312 773 1533 839 creberrimas
1549 774 1703 862 Dionysii
1727 796 1885 840 caesuras
1909 775 2016 840 buco·

205 884 286 949 licus
320 883 363 948 de
399 883 561 948 industria
594 883 749 960 evitavit,
784 902 863 947 curn
885 880 1053 960 Avienus,
1089 883 1174 947 alter
1197 881 1352 969 Dionysii
1385 881 1570 969 periegesis
1593 881 1852 967 paraphrastes,
1888 883 1921 944 in
1951 882 2018 947 de-

206 991 429 1078 scriptione
452 989 559 1054 orbis
583 1001 717 1054 terrae
741 989 902 1076 (repetita
925 1012 946 1054 a
963 986 1088 1054 Carolo
1113 988 1277 1053 Muellero
1295 985 1423 1074 Geogr.
1442 985 1565 1052 Graec.
1590 988 1667 1051 min.
1692 1010 1726 1073 p.
1755 990 1816 1052 176
1840 989 1930 1075 sqq.)
1954 1009 2012 1054 eas

204 1097 400 1183 saepissime
434 1097 592 1162 imitetur.
640 1095 734 1161 ldem
766 1096 919 1161 Avienus
954 1097 1056 1160 etiam
1091 1096 1162 1160 aliis
1197 1095 1339 1160 licentiis
1374 1095 1420 1160 rei
1453 1096 1613 1159 metricae
1640 1092 1765 1159 Latina
1797 1095 2016 1160 accuratione

205 1199 363 1291 neglecta
378 1204 579 1292 Dionysium
601 1205 760 1288 sequitur.
807 1202 863 1266 Ille
887 1203 1033 1288 exempli
1058 1224 1160 1267 causa
1184 1203 1317 1266 minime
1342 1200 1475 1266 dubitat
1499 1222 1640 1266 caesura
1663 1202 1740 1264 zarai
1759 1211 1855 1289 τρίτον
1874 1217 2014 1288 τροχαῖον

205 1311 307 1375 etiam
330 1323 409 1397 post
428 1310 569 1376 verbum
585 1309 744 1374 Latinum
765 1310 813 1374 uti
829 1322 888 1374 aut
903 1309 1106 1375 vocabulum
1121 1307 1390 1395 monosyllabum
1406 1309 1439 1371 in
1457 1307 1522 1373 fine
1538 1330 1656 1373 versus
1671 1330 1809 1395 ponere.
1856 1307 2017 1373 Dictione
2127 1318 2130 1323 ’

205 1431 324 1483 contra
348 1417 453 1482 multo
478 1418 615 1482 meliore
638 1428 673 1481 et
696 1417 905 1504 elegantiore
929 1418 1032 1481 utitur
1056 1438 1158 1502 quam
1187 1414 1389 1492 Priscianus,
1414 1427 1449 1479 ut
1472 1415 1526 1480 ille
1550 1416 1645 1501 quasi
1669 1415 1820 1502 linguam
1842 1417 2018 1502 propriam

205 1525 262 1589 hic
286 1525 430 1589 alienam
453 1545 619 1609 usurpare
642 1522 809 1588 videatur.

313 1646 547 1725 Quamobrem
564 1649 714 1712 Avienus
736 1646 926 1712 laudandus
951 1659 1011 1724 est,
1035 1647 1127 1732 quod
1150 1646 1297 1710 formam
1314 1643 1487 1711 Graecam
1510 1644 1652 1712 feliciter
1675 1647 1822 1710 imitatus
1846 1648 2013 1734 optimam

205 1756 355 1842 linguam
377 1752 534 1819 Latinam
558 1754 711 1842 praebet,
736 1752 1034 1840 reprehendendus
1057 1751 1258 1834 Priscianus,
1283 1755 1340 1841 qui
1364 1766 1397 1819 et
1421 1751 1550 1819 formae
1572 1753 1719 1818 Latinae
1743 1755 1880 1819 studens
1905 1753 2015 1819 Grae·

206 1882 284 1926 cam
306 1883 372 1925 non
396 1863 495 1947 plane
519 1861 603 1926 vitat
626 1883 736 1948 neque
761 1861 951 1949 elegantem
975 1859 1159 1926 dictionem
1181 1861 1306 1925 Avieni
1329 1861 1525 1948 adaequare
1548 1872 1671 1948 potest.

311 1985 417 2051 Certe
439 1985 562 2050 Avieni
585 1986 784 2072 paraphrasi
808 1985 1058 2051 demonstratur
1080 2005 1218 2051 necesse
1246 2008 1313 2051 non
1336 2007 1409 2050 esse
1432 1985 1692 2071 paraphrasten,
1717 2006 1794 2051 cum
1817 1985 1901 2050 vitet
1925 1985 2018 2064 vitia,

204 2093 238 2155 in
271 2093 440 2157 contraria
473 2113 618 2158 currere.
664 2092 784 2180 Itaque
814 2105 898 2179 puto
931 2114 997 2156 non
1030 2105 1100 2157 tarn
1132 2114 1176 2157 ex
1199 2090 1397 2157 difficultate
1421 2093 1574 2158 vertendi
1599 2114 1699 2179 quam
1723 2114 1766 2157 ex
1789 2093 1921 2158 inscitia
1944 2093 2018 2158 sive

204 2199 362 2264 atechnia
394 2201 636 2286 paraphrastae
665 2211 715 2264 tot
738 2200 833 2265 locos
857 2198 978 2265 duritie
1002 2199 1148 2287 insignes
1170 2200 1205 2263 in
1227 2199 1372 2286 perigesi
1396 2211 1487 2264 ortos
1511 2220 1592 2263 esse.
1639 2198 1810 2286 Equidem
1834 2200 1914 2263 mihi
1939 2221 2016 2285 per-

205 2304 348 2372 suadere
382 2327 450 2371 non
484 2328 622 2391 possum
655 2307 857 2394 panegyrici
891 2319 961 2372 tam
995 2307 1184 2394 elegantem
1216 2317 1391 2371 auctorem
1423 2327 1490 2370 non
1513 2305 1664 2391 potuisse
1689 2306 1843 2371 vertendi
1867 2305 2013 2371 difficul-

206 2424 293 2476 tates
317 2412 435 2476 melius
460 2435 622 2500 superare
647 2435 749 2500 quam
771 2413 957 2502 periegesis
982 2414 1113 2478 auctori
1137 2413 1292 2501 contigit.
