4592 5766
1076 447 1115 509 13

186 660 320 750 syllaba
343 661 402 724 Ar
424 671 570 724 utuntur.
607 659 656 724 Ut
679 658 865 746 productas
889 659 1038 746 syllabas
1055 670 1226 737 excusent,
1250 659 1396 723 nonnulli
1413 673 1447 724 et
1464 660 1617 748 Dionysii
1634 671 1668 725 et
1684 659 1846 726 Prisciani
1862 660 1999 727 codices

187 790 315 856 eosque
349 767 455 832 secuti
487 765 677 852 complures
709 766 894 831 eorundem
925 779 1102 832 auctorum
1133 767 1281 832 editores
1314 789 1329 828 r
1359 766 1431 830 sive
1455 787 1470 844 ρ
1493 768 1762 854 geminaverunt.
1809 767 1887 835 Hoc
1911 769 2001 833 nulla

186 874 356 963 probabili
397 895 499 939 causa
534 873 664 938 factum
698 895 770 938 esse
805 875 872 938 iam
898 874 1094 938 Eustathius
1126 873 1304 939 confirmat
1327 873 1359 937 in
1381 875 1641 952 commentariis,
1677 875 1735 962 qui
1758 875 2000 941 inscribuntur:

186 987 402 1064 Ὑπομνήματα
420 997 457 1056 εἰς
470 985 631 1044 Διονύσιον
648 983 703 1044 τόν
722 985 891 1068 separatim
917 1020 957 1029 —
982 982 1028 1046 cf.
1053 980 1267 1067 Bernhardyl
1291 978 1421 1066 Geogr.
1437 979 1561 1046 Graec.
1587 981 1664 1044 min.
1688 981 1787 1046 vol.I
1810 1005 1844 1068 p.
1861 983 1925 1046 283
1950 1005 1999 1070 sq.

191 1129 231 1137 —
257 1110 334 1154 cum
357 1088 404 1153 ad
426 1112 458 1152 v.
484 1089 546 1152 927
572 1099 725 1152 annotet:
760 1089 855 1166 τυχόν
878 1090 906 1149 δὲ
930 1093 1115 1176 ἀντιγράφων
1137 1090 1285 1151 αὐθάδεια
1309 1089 1363 1158 τήν
1385 1101 1442 1149 τοῦ
1464 1102 1480 1170 ξ
1504 1091 1624 1160 διπλόην
1642 1095 1670 1170 ἐξ
1695 1093 1875 1166 αὐτονομίας
1894 1115 2001 1175 παρεκ-

187 1201 315 1276 ιίνηκεη
352 1207 444 1260 recte
479 1195 581 1283 igitur
614 1193 855 1282 Bemhardyus
891 1197 910 1257 l.
946 1214 975 1259 c.
1012 1194 1076 1257 vol.
1102 1193 1140 1256 ll.
1177 1216 1210 1280 p.
1236 1195 1300 1258 530
1335 1195 1369 1259 in
1403 1193 1619 1259 annotatione
1654 1195 1699 1259 ad
1723 1195 1877 1282 Dionysii
1900 1218 1932 1259 v.
1957 1198 2001 1260 24

187 1301 335 1367 disserit:
392 1301 461 1367 Ab
517 1301 640 1388 ipsis
690 1301 879 1387 poetis,
942 1298 1079 1364 modo
1124 1300 1269 1365 venia
1314 1311 1484 1386 posset
1529 1299 1584 1365 ab
1631 1301 1730 1364 arsi
1775 1301 1851 1366 vel
1897 1301 2000 1366 ictu

187 1410 418 1495 legitima
455 1409 584 1496 peti,
624 1407 936 1473 sibilantium
971 1405 1047 1470 vel
1085 1418 1428 1493 asperatorum
1464 1428 1690 1472 sonorum
1728 1407 2001 1494 repetitio-

186 1538 287 1581 nem
321 1516 481 1581 fuisse
517 1514 792 1580 devitatam
828 1524 1048 1600 apparet.

294 1621 458 1688 Ceterum
488 1623 521 1686 in
554 1621 724 1709 periegesi
757 1621 825 1686 duo
858 1622 1014 1706 exempla
1038 1619 1242 1709 syllabarum
1266 1622 1509 1708 productarum
1534 1633 1681 1699 exstant,
1705 1643 1793 1708 quae
1817 1643 1859 1686 ne
1883 1622 2001 1687 ortho-

185 1728 353 1817 graphiae
377 1727 516 1814 quidem
539 1729 670 1793 ratione
695 1728 849 1793 excusari
872 1739 1027 1814 possunt:

454 1877 485 1918 v.
512 1855 586 1918 661.
634 1853 679 1917 Hi
703 1851 838 1916 Tanain
862 1851 1015 1917 habitant
1038 1850 1177 1917 fluvium
1199 1874 1310 1938 prope
1333 1850 1611 1918 Sauromatarum

494 1961 588 2024 1031.
636 1959 682 2023 Et
706 1958 817 2024 radios
841 1959 919 2023 solis
943 1970 977 2023 et
1001 1980 1097 2024 sacra
1120 1969 1234 2024 mente
1257 1970 1454 2024 retractant.

187 2084 223 2149 ln
258 2085 308 2149 his
342 2084 494 2150 versibus
529 2083 681 2172 syllabae
715 2082 831 2148 finales
866 2082 1046 2148 verborum
1080 2080 1238 2147 Tanain
1273 2095 1306 2147 et
1341 2084 1435 2148 solis
1469 2095 1588 2149 natura
1610 2084 1732 2150 breves
1755 2084 2001 2170 producuntur.

186 2191 327 2259 Scilicet
342 2193 375 2256 in
391 2191 581 2278 posteriore
596 2211 696 2255 versu
712 2190 875 2255 lectiones
892 2189 1049 2256 codicum
1065 2190 1207 2268 variant,
1224 2211 1367 2277 quorum
1383 2191 1480 2256 alteri
1496 2192 1623 2257 oculis
1639 2214 1702 2278 pro
1718 2193 1814 2257 solis
1831 2193 2001 2259 exhibent.

184 2298 286 2378 Quos
319 2299 425 2364 secuti
457 2297 718 2386 Bemhardyus,
751 2295 894 2362 Carolus
917 2296 1118 2376 Muellerus,
1146 2295 1368 2362 Baehrensius
1392 2299 1518 2364 oculis
1541 2299 1610 2387 legi
1632 2299 1758 2364 volunt.
1806 2299 2002 2366 Difficultas

187 2430 218 2470 v.
248 2407 329 2471 1031
356 2403 498 2472 fortasse
521 2405 658 2484 tollitur,
682 2405 709 2469 si
732 2401 823 2470 facili
847 2387 1043 2469 coniectura
1066 2403 1115 2469 usi
1139 2403 1318 2469 verborum
1341 2405 1508 2491 positione
1530 2419 1659 2471 mutata
1683 2407 1842 2495 legimus:

506 2531 553 2597 Et
576 2533 653 2598 solis
676 2530 789 2597 radios
813 2543 847 2596 et
871 2551 969 2596 sacra
992 2539 1104 2594 mente
1128 2539 1324 2593 retractant.

295 2834 472 2913 Quantum
496 2835 543 2899 rei
566 2834 729 2899 metricae
753 2833 931 2898 discrimen
955 2832 996 2895 sit
1019 2832 1106 2896 inter
1129 2831 1376 2920 panegyricum
1400 2842 1434 2896 et
1457 2833 1657 2920 periegesin,
1693 2853 1769 2898 cum
1785 2834 1865 2898 satis
1883 2835 1998 2921 expla-

187 2965 285 3009 nasse
309 2943 389 3008 mihi
412 2941 539 3021 videar,
564 2955 774 3007 transeamus
798 2938 844 3004 ad
867 2938 977 3003 stilum
999 2939 1327 3024 grammaticamque
1351 2938 1593 3024 comparanda.

293 3069 348 3132 Ac
380 3067 525 3154 primum
559 3065 695 3153 quidem
729 3063 916 3128 notandum
949 3074 999 3126 est
1025 3061 1208 3148 particulas
1232 3062 1462 3127 adversativas
1486 3063 1520 3127 in
1542 3064 1710 3151 periegesi
1734 3064 1943 3150 saepissime,
1967 3067 2001 3130 in

184 3175 396 3263 panegyrico
421 3172 523 3239 modo
547 3193 624 3238 raro
648 3172 681 3236 in
705 3193 767 3236 usu
791 3192 873 3236 esse.
920 3168 1036 3247 lndex,
1061 3167 1119 3255 qui
1142 3168 1301 3255 sequitur,
1324 3169 1474 3248 illustret,
1497 3169 1554 3235 ubi
1571 3182 1604 3235 et
1621 3169 1753 3256 quoties
1769 3171 1999 3236 inveniantur:

846 3313 878 3376 in
901 3312 1129 3399 panegyrico:
1396 3313 1429 3376 in
1456 3313 1641 3400 periegesi:

535 3423 583 3487 At
795 3432 847 3485 ter
870 3441 924 3482 vv.
951 3420 1003 3482 70.
1028 3418 1079 3482 82.
1109 3417 1170 3480 123
1252 3418 1701 3486 bisetviciesvv.24.40.60.
1713 3422 1785 3485 102.

1255 3527 1328 3592 105.
1345 3527 1417 3591 108.
1439 3528 1509 3591 127.
1528 3528 1602 3593 205.
1617 3528 1691 3592 229.
1708 3528 1785 3592 258.

1253 3632 1328 3696 263.
1343 3635 1418 3697 400.
1437 3634 1511 3698 405.
1529 3636 1603 3698 495.
1619 3635 1693 3698 505.
1709 3635 1784 3697 507.

1254 3740 1327 3806 531.
1343 3739 1417 3802 592.
1432 3739 1505 3803 625.
1521 3741 1595 3804 938.
1606 3742 1680 3805 053.
1692 3743 1785 3805 1040.

942 3897 1038 3962 deest
1253 3898 1355 3963 vicies
1383 3920 1436 3960 vv.
1474 3899 1526 3962 28.
1562 3901 1614 3962 33.
1651 3900 1703 3963 42.
1734 3903 1785 3964 63.

1257 4005 1328 4068 190.
1347 4005 1422 4068 231.
1440 4008 1513 4070 264.
1532 4007 1605 4070 338.
1621 4007 1695 4074 548.
1710 4009 1784 4071 568.

1254 4114 1329 4176 577.
1347 4114 1421 4176 583.
1439 4113 1513 4176 610.
1531 4114 1604 4175 614.
1620 4113 1694 4178 623.
1709 4113 1783 4177 629.

1322 4221 1395 4282 731.
1414 4221 1488 4283 968.
1509 4220 1603 4282 1016.
1624 4220 1717 4283 1029.

529 4384 589 4449 sed
774 4379 879 4446 octies
902 4402 957 4442 vv.
982 4380 1034 4442 39.
1052 4379 1104 4441 55.
1126 4378 1198 4441 178.
1254 4380 1355 4444 semel
1401 4391 1434 4443 et
1481 4379 1685 4467 quadragies
1734 4402 1784 4442 vv.

777 4488 848 4553 131.
867 4486 941 4549 205.
955 4485 1030 4549 239.
1046 4485 1120 4550 259.
1135 4484 1198 4548 296
1257 4488 1307 4550 11.
1339 4487 1388 4550 13.
1424 4488 1472 4551 16.
1499 4487 1551 4551 20.
1576 4488 1628 4550 27.
1654 4487 1706 4550 47.
1732 4486 1785 4549 84.

1258 4593 1784 4658 106.142.151.174.260.372.

1255 4700 1783 4769 394.396.422.425.524.526.

1255 4808 1783 4874 535.562.574.640.641.643.

1256 4914 1784 4981 670.685.701.715.721.797.

1255 5021 1783 5086 831.843.872.884.901.911.

1225 5019 1228 5230 Ι
1351 5129 1445 5191 1041.
1474 5129 1568 5191 1067.
1596 5129 1690 5191 1080.
