4592 5766
1156 373 1259 474 .„2.2,.„

307 605 388 648 nam
410 595 553 670 propter
586 583 893 670 interpunctionem
920 597 999 672 post
1025 584 1149 670 pedem
1172 585 1308 650 tertium
1331 586 1460 655 factam
1482 585 1649 650 incisionis
1672 598 1751 672 post
1774 585 1907 650 tertiam
1931 586 2041 650 thesin
2063 586 2119 650 vis

307 691 522 757 imminuitur.
569 692 703 756 Eadem
727 692 997 778 interpunctione
1031 713 1149 758 versus
1175 695 1213 757 17
1238 692 1405 781 praefatio
1433 715 1454 758 a
1477 694 1688 782 panegyrico
1723 692 1894 771 abhorret,
1929 693 2022 780 quod
2045 715 2119 759 om·

304 799 382 862 nino
406 798 700 886 interpunctionen
724 799 812 864 intra
834 821 969 864 versum
992 801 1097 887 ponit.

410 940 506 1006 Alias
541 943 588 1006 rei
623 945 784 1008 metricae
818 943 1046 1030 proprietates
1081 941 1269 1008 iamborum
1293 945 1358 1010 hoc
1391 946 1466 1010 loco
1490 943 1619 1020 omitto,
1643 944 1801 1030 quoniam
1836 943 1887 1008 his
1911 964 1989 1008 cum
2011 943 2116 1007 hexa-

303 1060 490 1114 metrorum
512 1049 757 1137 propritatibus
780 1051 915 1115 tertium
939 1051 1202 1136 comparationis
1225 1073 1292 1115 non
1329 1062 1391 1115 est.
1460 1048 1622 1116 Ceterum
1657 1051 1738 1114 satis
1761 1071 1928 1137 apparere
1962 1049 2043 1114 mihi
2065 1050 2114 1113 vi-

303 1153 405 1220 detur
439 1167 615 1221 auctorem
649 1156 935 1234 hexametrorum,
959 1179 1035 1222 cum
1070 1157 1103 1221 in
1138 1157 1343 1222 hexametris
1378 1155 1620 1244 componendis
1648 1158 1741 1244 leges
1765 1157 1812 1221 rei
1847 1157 2010 1222 metricae
2044 1169 2114 1221 tam

301 1274 464 1328 accurate
489 1262 729 1343 observaverit,
754 1265 786 1328 in
810 1264 945 1329 senariis
969 1264 1211 1349 componendis
1233 1277 1329 1329 tanta
1352 1265 1488 1329 licentia
1510 1263 1557 1327 uti
1581 1285 1647 1328 non
1670 1263 1829 1350 potuisse.

413 1423 527 1487 Etiam
551 1424 728 1502 sententia,
764 1423 866 1503 stilus,
900 1425 1126 1512 grammatica
1160 1423 1311 1489 indicant
1344 1424 1594 1511 praefationem
1629 1445 1694 1488 non
1719 1444 1791 1490 esse
1815 1425 1894 1503 eius,
1930 1424 1987 1513 qui
2010 1445 2114 1511 pane-

303 1529 462 1617 gyricum
487 1531 685 1616 composuit.

409 1688 464 1755 Ac
499 1691 646 1777 primum
681 1689 817 1777 quidem
852 1688 1019 1777 praefatio
1054 1711 1309 1777 supervacanea
1343 1690 1477 1755 videtur
1510 1713 1593 1770 esse,
1629 1693 1788 1779 quoniam
1823 1693 2025 1781 panegyrici
2058 1715 2113 1756 vv.

304 1799 390 1861 1-9
416 1798 512 1883 quasi
545 1799 689 1862 alteram
711 1797 972 1883 praefationem,
1007 1818 1074 1884 qua
1097 1797 1228 1885 gratiae
1252 1797 1318 1863 deo
1342 1810 1488 1885 aguntur
1512 1819 1576 1885 pro
1598 1798 1807 1886 benignitate
1832 1811 1866 1864 et
1885 1811 2009 1885 poetae
2033 1820 2114 1864 con·

299 1903 409 1967 silium
445 1904 637 1968 enuntiatur
659 1904 916 1990 praeconiorum
940 1902 1171 1982 dicendorum,
1207 1906 1376 1980 afferunt;
1411 1916 1482 1968 tum
1506 1903 1883 1993 sententia2iamborum
1906 1907 2007 1993 plane
2041 1905 2114 1970 vul-

302 2011 395 2098 garis
420 2023 454 2075 et
478 2010 663 2076 communis
687 2020 737 2074 est
760 2009 962 2097 minimeque
986 2008 1031 2074 ad
1054 2011 1299 2098 panegyricum
1323 2011 1431 2098 ipsum
1453 2012 1609 2097 pertinet.
1657 2012 1745 2077 Cum
1773 2021 1883 2098 neque
1906 2033 2028 2078 nomen
2052 2013 2116 2076 im-

302 2117 471 2204 peratoris
485 2117 683 2196 enuntietur,
708 2117 803 2182 cuius
815 2116 932 2181 laudes
944 2116 977 2179 in
1002 2117 1148 2182 carmine
1168 2116 1344 2183 canendae
1360 2130 1445 2197 sunt,
1463 2139 1572 2206 neque
1584 2119 1734 2183 homines
1748 2130 1806 2183 aut
1829 2130 1984 2206 tempora
2008 2119 2112 2207 signi-

300 2223 457 2304 ficentur,
481 2224 567 2288 haec
590 2221 757 2311 praefatio
782 2222 937 2288 omnibus
960 2225 1032 2288 aliis
1056 2225 1299 2312 imperatorum
1322 2225 1538 2313 panegyricis
1560 2227 1727 2312 praeponi
1751 2238 1898 2312 poterat.

406 2376 456 2440 At
480 2377 554 2463 ipsa
577 2375 804 2462 discrepantia
828 2389 880 2440 est
904 2375 990 2440 inter
1021 2373 1268 2463 praefationem
1303 2388 1337 2441 et
1371 2377 1629 2464 panegyricum,
1654 2376 1745 2462 quod
1769 2377 1801 2440 in
1836 2377 1950 2463 priore
1975 2377 2113 2441 summi

300 2495 454 2571 poetae
478 2483 721 2570 vituperantur,
746 2481 804 2569 qui
826 2482 930 2546 falsa
955 2482 1136 2569 ceperint
1160 2495 1353 2548 canentes
1389 2481 1574 2561 exordia,
1600 2503 1685 2548 cum
1709 2483 1869 2548 caelum
1903 2495 2048 2570 petunt
2071 2496 2113 2548 et

301 2589 453 2667 sidera,
477 2590 659 2654 adversa
681 2600 855 2654 naturae
879 2599 1108 2675 sequentes,
1133 2601 1204 2653 tum
1218 2589 1344 2654 veroin
1361 2591 1467 2654 altero
1491 2592 1536 2673 (v.
1562 2591 1581 2653 8
1606 2591 1671 2676 sq.)
1685 2592 1806 2677 legitur
1824 2591 2008 2678 praeconia
2032 2612 2113 2656 can-

304 2709 374 2760 tum
401 2696 452 2774 iri,
477 2717 583 2781 quae
607 2695 700 2759 finit
724 2697 889 2776 caelum,
914 2695 1065 2781 quibus
1089 2697 1275 2782 cingitur
1299 2696 1419 2762 orbis.

405 2845 512 2923 Quod
535 2845 580 2911 ad
604 2844 788 2912 dictionem
811 2846 941 2925 attinet,
965 2844 1001 2910 id
1025 2845 1104 2910 mihi
1127 2845 1261 2912 videtur
1295 2847 1442 2913 notabile
1467 2870 1549 2926 esse,
1586 2847 1691 2938 quod*
1713 2849 1745 2912 in
1783 2846 2002 2936 praefationis
2029 2872 2062 2914 v.
2088 2858 2107 2917 5

298 2954 440 3019 verbum
464 2953 550 3019 scio
574 2975 641 3018 non
666 2974 744 3018 cum
767 2954 963 3020 accusativo
987 2975 1064 3018 cum
1088 2953 1251 3019 infinitivo
1285 2954 1346 3019 sed
1369 2977 1446 3020 cum
1470 2955 1580 3042 quod
1614 2955 1775 3044 iungitur,
1811 2977 1913 3043 quam
1937 2968 2112 3022 construc-

295 3061 422 3126 tionem
445 3061 675 3149 panegyricus
699 3081 765 3124 non
789 3061 891 3125 novit.
938 3059 1047 3126 Porro
1070 3061 1282 3146 imperatoris
1306 3062 1463 3126 maiestas
1486 3084 1552 3128 non
1584 3062 1775 3149 appellatur
1797 3061 1917 3147 plurali
1940 3062 2112 3128 secundae

297 3188 463 3254 personae
488 3167 696 3253 pronominis
730 3168 924 3253 personalis.
986 3169 1141 3256 Denique
1176 3191 1252 3236 curn
1285 3172 1319 3234 in
1353 3171 1565 3260 panegyrico
1599 3170 1796 3236 distinctum
1826 3181 1860 3236 et
1893 3171 2112 3258 perspicuum

296 3274 434 3340 dicendi
467 3297 574 3362 genus
606 3275 804 3354 inveniatur,
836 3273 1053 3360 praefationis
1086 3298 1139 3339 vv.
1168 3278 1205 3340 11
1236 3299 1308 3364 sqq.
1344 3277 1443 3364 plane
1478 3277 1612 3343 obscuri
1637 3290 1731 3342 sunt:
1758 3325 1766 3342 .
1792 3326 1798 3340 .
1825 3328 1832 3341 .
1868 3277 2010 3342 audias
2033 3291 2110 3356 tua,

297 3403 404 3470 quae
436 3383 587 3448 iuncta
622 3403 703 3447 non
739 3403 814 3469 ego
838 3395 982 3467 potero
1009 3382 1258 3469 producere
1283 3433 1290 3448 .
1316 3435 1323 3449 .
1349 3433 1357 3449 .
1382 3384 1452 3450 sed
1485 3397 1598 3472 parte
1634 3383 1742 3449 ferre
1779 3405 1857 3470 qua
1882 3384 1999 3448 valeo
2035 3403 2112 3469 pro

295 3488 455 3554 viribus
480 3488 684 3574 decerpta
707 3489 840 3555 lucem
877 3491 1063 3555 conferat
1086 3513 1188 3578 quae
1212 3491 1410 3556 cantibus.
1458 3489 1583 3568 Quod
1615 3512 1721 3556 more
1745 3491 1846 3556 miro
1871 3489 1944 3566 fit3
1980 3492 2111 3554 solent

300 3616 390 3659 nam
426 3596 606 3659 carmina
641 3595 800 3662 addere
835 3594 960 3662 decus
995 3597 1113 3664 rebus
1148 3599 1277 3686 magis
1312 3621 1430 3685 quam
1465 3620 1632 3663 sumere.
1679 3596 1725 3661 Hi
1750 3596 1886 3684 quidem
1921 3619 2048 3675 versuS,
2083 3598 2111 3660 si

299 3723 377 3787 pro
402 3703 596 3767 conferat
621 3702 805 3768 conicimus
828 3704 1062 3783 conterant,
1086 3705 1173 3769 verti
1195 3717 1353 3792 possunt,
1388 3705 1449 3770 sed
1484 3726 1592 3792 neque
1628 3726 1795 3771 conexum
1830 3727 1939 3792 neque
1976 3727 2111 3770 sensum

294 3807 431 3872 habent.

402 3941 471 4007 Eas
506 3943 550 4009 ob
585 3965 704 4010 causas
735 3945 815 4009 mihi
847 3944 981 4009 videtur
1012 3945 1192 4010 verisimile
1225 3967 1297 4011 esse
1330 3945 1499 4011 librarium
1523 3945 1693 4031 quendam
1716 3946 1964 4031 praefationem
1989 3944 2111 4010 alicubi

300 4048 471 4114 inventam
504 4052 558 4115 vel
588 4073 630 4116 ex
663 4074 723 4116 suo
754 4054 889 4140 ingenio
919 4053 1023 4116 invita
1046 4051 1204 4116 Minerva
1227 4052 1452 4138 compositam
1476 4053 1686 4141 panegyrico
1710 4051 1830 4117 eadem
1855 4053 1990 4118 licentia
2013 4075 2111 4117 usum

298 4157 547 4243 praeposuisse,
572 4181 638 4245 qua
663 4159 793 4223 titulum
818 4170 920 4246 atque
944 4159 1093 4244 inprimis
1116 4159 1296 4225 verbosam
1319 4158 1598 4244 subscriptionem
1622 4159 1802 4225 addiderit.
1849 4158 1949 4236 Quae
1972 4159 2109 4224 licentia

295 4285 338 4328 eo
370 4265 450 4329 satis
475 4265 672 4344 illustratur,
697 4264 790 4351 quod
813 4265 996 4330 Anastasio
1020 4277 1155 4351 praeter
1179 4266 1244 4330 alia
1268 4266 1417 4353 epitheta
1441 4287 1632 4353 cognomen
1657 4264 1862 4332 Gothici
1895 4266 2110 4331 victoris

296 4369 431 4448 inditur,
456 4392 662 4457 quamquam
686 4372 718 4436 in
743 4372 955 4459 panegyrico
979 4372 1053 4458 ipso
1070 4369 1260 4436 Gothorum
1283 4395 1324 4438 ne
1341 4372 1474 4461 syllaba
1489 4372 1625 4458 quidem
1642 4373 1767 4438 mentio
1784 4374 1830 4438 fit.
1847 4373 1961 4438 Etiam
1978 4386 2109 4437 tantum

296 4475 406 4556 abest,
430 4488 467 4542 ut
490 4477 690 4542 Anastasius
714 4476 849 4543 Gothos
873 4479 1001 4554 vicerit,
1026 4492 1062 4543 ut
1085 4501 1155 4544 rem
1180 4480 1266 4544 male
1289 4481 1433 4568 gesserit
1457 4493 1575 4545 contra
1599 4501 1667 4545 eos.

401 4626 557 4706 Quaerat
582 4629 765 4715 quispiam,
797 4651 908 4693 annon
932 4629 1094 4694 duritates
1117 4631 1309 4717 perlegens,
1334 4653 1416 4718 quas
1440 4631 1588 4718 inprimis
1612 4633 1644 4694 in
1669 4653 1705 4695 re
1729 4631 1872 4696 metrica
1896 4631 2108 4716 reprehendi,

298 4756 341 4800 eo
365 4735 511 4800 effectae
536 4736 611 4813 sint,
636 4735 729 4823 quod
752 4738 1004 4823 paraphrastes,
1029 4759 1106 4804 cum
1129 4737 1354 4824 archetypum
1378 4750 1537 4816 verteret,
1563 4760 1650 4826 quae
1674 4739 1848 4804 invenerat
1871 4759 1990 4824 aspere
2015 4737 2107 4803 dicta

297 4843 406 4907 vitare
431 4865 497 4907 non
519 4843 668 4930 potuerit
691 4845 747 4907 vel
771 4845 922 4909 noluerit.

404 4991 495 5059 Sane
528 4995 646 5081 negari
678 5016 744 5060 non
775 5007 888 5082 potest
918 4997 1069 5062 licentias
1102 4994 1260 5061 metricas
1283 4997 1480 5084 periegesis,
1513 5019 1597 5083 quas
1621 4997 1746 5076 notavi,
1769 4997 1952 5061 mavimam
1975 5009 2107 5082 partem

296 5101 402 5165 etiam
425 5103 459 5165 in
483 5099 649 5188 Dionysio
673 5115 822 5181 exstare,
856 5103 916 5168 sed
939 5124 1080 5190 perraro
1105 5103 1183 5188 ipsis
1207 5103 1245 5166 iis
1269 5103 1350 5168 locis
1373 5104 1604 5183 inveniuntur,
1636 5125 1723 5190 quae
1746 5103 1947 5190 paraphrasi
1970 5103 2107 5191 respon·
