4592 5766
1100 363 1119 424 5

200 572 270 639 Sed
306 593 383 638 cum
418 570 457 636 F.
488 571 533 635 lll
568 570 672 635 modo
706 573 810 637 semel
842 582 875 634 et
907 569 944 635 F.
968 570 998 636 ll
1029 571 1131 636 modo
1164 571 1215 636 bis
1238 572 1325 636 inter
1349 571 1413 634 312
1437 591 1554 635 versus
1581 571 1802 646 inveniantur,
1826 571 2017 656 putaverim

199 693 338 767 poetam
361 680 464 744 etiarn
487 679 521 744 in
543 679 593 742 his
617 677 723 742 tribus
746 677 910 755 versibus,
934 699 1019 764 quos
1043 678 1318 756 commemoravi,
1342 678 1632 764 penthemimeren
1659 677 1783 763 petisse
1802 677 2019 742 incisionibus

201 809 308 866 usum,
334 807 421 872 quae
446 797 647 871 sequuntur:

520 962 566 1026 Et
590 985 691 1049 reges
718 967 721 1044 1
747 964 868 1028 iterum
892 963 939 1046 (in
966 961 977 1048 ]'
1004 961 1145 1026 landum
1155 964 1177 1042 1)
1204 963 1207 1040 1
1233 984 1268 1026 se
1286 947 1436 1026 ¹reddere
1460 960 1566 1025 nobis.

524 1069 670 1156 Templa
694 1091 822 1134 novans
848 1069 852 1156 1
877 1091 1042 1134 renovans
1069 1067 1080 1137 ll
1106 1091 1172 1155 que
1196 1068 1262 1133 deo
1286 1068 1454 1156 fulgentia
1478 1073 1638 1154 semper.'

524 1175 682 1253 Quantus
707 1177 805 1242 adest
829 1180 833 1259 1
859 1198 922 1262 pro
947 1187 980 1240 te
1004 1197 1042 1240 os
1068 1190 1080 1260 j,
1106 1175 1248 1240 tendens
1274 1179 1278 1256 1
1306 1174 1497 1239 discrimine
1521 1197 1656 1262 magno.

203 1348 258 1411 W.
277 1346 444 1412 Christius
461 1349 480 1410 l.
498 1369 527 1412 c.
546 1370 579 1433 p.
601 1348 661 1410 198
679 1344 826 1410 ostendit
849 1357 883 1409 et
907 1344 1070 1429 exemplis
1094 1343 1220 1431 probat
1242 1355 1360 1430 partes
1384 1343 1525 1408 nominis
1549 1344 1726 1429 compositi
1752 1364 1818 1408 non
1843 1356 2021 1430 tantopere

203 1454 406 1532 coalescere,
442 1465 479 1517 ut
514 1473 655 1518 caesura
689 1453 776 1516 inter
808 1473 865 1516 eas
898 1449 1109 1516 intercedere
1142 1459 1208 1514 non
1231 1450 1348 1536 possit.
1395 1449 1476 1527 Qua
1499 1450 1656 1515 libertate
1680 1473 1776 1516 usum
1801 1472 1875 1516 esse
1899 1451 2022 1537 opinor

204 1573 341 1648 poetam
365 1561 397 1624 in
421 1584 475 1624 vv.
505 1561 561 1622 121
589 1571 623 1623 et
647 1561 712 1623 278
736 1559 831 1623 simul
855 1579 896 1622 eo
921 1557 1082 1634 consili0‚
1118 1571 1155 1622 ut
1184 1556 1357 1622 vocabulis
1382 1558 1566 1635 divisione,
1602 1579 1690 1644 quae
1713 1578 1854 1624 caesura
1878 1555 2022 1622 efficitur

204 1667 448 1732 in-fandum
472 1678 505 1731 et
530 1665 802 1742 os-tendens,
827 1666 877 1728 vis
899 1663 1067 1751 quaedam
1084 1684 1126 1728 ac
1142 1663 1276 1749 pondus
1292 1664 1484 1730 accederet.
1509 1663 1622 1729 Etiam
1639 1667 1671 1728 in
1688 1687 1785 1729 versu
1799 1668 1864 1730 268
1881 1666 2022 1751 penthe-

205 1774 367 1839 mimeren
390 1795 519 1860 ponere
542 1773 654 1838 malim
680 1793 781 1859 quarn
805 1770 975 1857 duplicem
1000 1769 1208 1848 divisionem,
1233 1791 1321 1856 quae
1337 1769 1480 1837 efficitur
1495 1773 1728 1836 trithemimeri
1745 1774 1926 1838 coniuncta
1944 1793 2022 1836 curn

204 1881 497 1966 hephthemimeri‚
531 1879 586 1944 vel
619 1880 721 1944 etiam
756 1899 932 1944 caesuram
967 1881 1042 1942 κατά
1061 1890 1158 1964 τρίτον
1176 1895 1324 1964 τροχαῖον.
1371 1877 1462 1944 Nam
1502 1901 1696 1966 quanquam
1725 1880 1912 1965 particulae
1943 1901 2023 1965 que

204 2000 326 2052 natura
351 1987 507 2053 enclitica
537 1998 606 2064 est,
638 1998 752 2050 tamen
782 1985 862 2050 satis
894 1995 1027 2049 constat
1055 1984 1144 2048 illam
1169 1983 1306 2070 quidem
1330 2006 1396 2049 non
1420 1985 1570 2051 seiuncte
1594 1986 1755 2072 scriptam
1779 1985 1840 2050 sed
1863 1985 2023 2050 audiendi

205 2115 304 2158 sensu
322 2095 471 2158 seiuncte
488 2106 669 2179 exceptam
693 2113 767 2157 esse
790 2104 849 2157 aut
873 2091 984 2177 excipi
1008 2091 1166 2176 potuisse.
1203 2089 1306 2156 Certe
1330 2091 1477 2157 notabile
1501 2105 1552 2157 est
1575 2090 1717 2156 sormam
1742 2090 1803 2170 Ill,
1827 2114 1894 2179 qua
1918 2093 2023 2156 ceteri

205 2212 329 2287 poetae
356 2212 494 2286 praeter
519 2200 558 2266 F.
576 2199 589 2262 l
612 2197 797 2286 praecipue
821 2210 969 2275 utuntur,
986 2198 1188 2286 panegyrici
1204 2211 1377 2263 auctorem
1395 2211 1465 2263 tarn
1481 2212 1581 2264 caute
1597 2200 1763 2264 vitavisse.
1800 2199 1962 2265 Ceterum
1978 2200 2022 2265 de

208 2307 355 2372 caesuris
390 2308 422 2370 in
457 2306 609 2372 versibus
636 2307 709 2384 121,
744 2307 820 2383 268,
849 2308 913 2370 278
938 2305 1101 2391 ponendis
1125 2316 1364 2390 comparentur
1388 2305 1696 2371 animadversiones
1720 2308 1882 2372 metricae
1907 2307 2024 2372 Adolfi

207 2414 423 2503 Kiesslingii,
455 2415 521 2479 Die
551 2415 749 2480 horazische
780 2411 891 2478 Satire
921 2435 954 2498 p.
990 2410 1106 2475 XVlll
1137 2433 1187 2497 sq.
1223 2412 1256 2475 in
1291 2410 1441 2477 eiusdem
1477 2410 1522 2488 Q.
1548 2411 1679 2477 Horatii
1704 2412 1819 2478 Flacci
1844 2415 2023 2480 satirarum

208 2520 372 2602 editione,
396 2521 543 2586 Berolini
571 2523 664 2586 1886.

315 2670 545 2736 Transeamus
568 2671 613 2736 ad
636 2671 822 2757 periegesis
846 2690 1016 2735 caesuras.

316 2821 404 2888 Cum
440 2823 472 2885 in
508 2821 718 2910 panegyrico
753 2821 899 2886 formam
933 2818 947 2883 l
981 2822 1234 2905 praevalentem
1269 2820 1495 2885 invenerimus
1527 2833 1560 2886 et
1592 2823 1683 2907 ipsas
1713 2793 1842 2888 formas
1867 2824 1896 2888 Il
1920 2839 1955 2890 et
1978 2825 2023 2889 Ill

209 2930 327 2995 tollere
351 2929 632 3004 constituerimus,
657 2928 754 2993 nobis
777 2928 809 2991 in
833 2927 1002 3015 periegesi
1026 2939 1162 3012 praeter
1185 2926 1199 2990 l
1222 2938 1413 3003 occurrunt,
1438 2950 1525 3014 quae
1549 2943 1750 3015 sequuntur:

317 3070 434 3158 Atque
457 3071 603 3158 primurn
627 3070 763 3156 quidem
787 3071 911 3156 septies
934 3069 972 3134 F.
996 3067 1041 3133 lll

478 3218 509 3259 v.
535 3195 609 3258 231.
657 3193 723 3258 Ast
748 3206 841 3258 ortus
866 3191 878 3282 11
905 3206 1050 3280 angusta
1075 3199 1079 3278 1
1104 3193 1189 3279 petit
1215 3192 1227 3280 11
1254 3216 1485 3280 summamque
1510 3193 1656 3282 Syenen.

531 3304 606 3365 427.
653 3300 828 3365 Traditur.
852 3300 908 3364 hic
934 3298 947 3387 11
972 3298 1064 3364 Ilisos
1088 3301 1093 3382 1
1118 3300 1215 3386 aquis
1241 3299 1253 3386 11
1279 3299 1472 3366 devolvitur
1495 3303 1611 3367 amnis.

531 3410 605 3471 648.
652 3407 810 3494 Ingentes
835 3407 847 3494 11
872 3427 1023 3493 genuere
1048 3408 1053 3489 1
1079 3406 1169 3470 viros
1194 3404 1207 3492 11
1232 3406 1389 3493 belloque
1413 3421 1579 3494 potentes.

531 3516 605 3578 827.
653 3513 727 3580 Scis
751 3514 874 3578 etenim
900 3513 911 3600 1
938 3533 1144 3577 memorasse
1170 3517 1174 3594 1
1199 3512 1258 3577 tibi
1285 3511 1297 3599 1
1323 3513 1415 3600 quod
1439 3515 1580 3581 collibus
1603 3517 1689 3581 altis.

531 3622 606 3685 938.
653 3621 703 3685 Α1
725 3642 828 3706 supra
854 3619 865 3708 11
892 3619 1070 3708 Babylona
1095 3618 1100 3705 1
1124 3619 1221 3684 vides
1247 3619 1259 3706 11
1285 3620 1330 3685 ad
1354 3621 1491 3686 flamina
1514 3635 1620 3688 vasta.

512 3729 606 3792 1022.
653 3726 845 3813 Purpureos
871 3725 883 3812 l]
909 3748 975 3813 que
998 3727 1208 3813 amethystos
1233 3729 1237 3808 1
1261 3727 1347 3790 inest
1373 3725 1384 3814 11
1411 3729 1540 3793 suffusa
1563 3731 1686 3794 colore.

512 3836 606 3898 1075.
653 3833 832 3920 Dispersas
857 3833 869 3921 11
895 3854 1071 3898 numerare
1097 3836 1101 3914 1
1126 3832 1186 3897 tibi
1212 3831 1224 3918 11
1250 3833 1320 3898 sine
1345 3834 1480 3899 numine
1503 3856 1639 3921 magno.

318 3992 398 4070 Quo
420 3993 592 4060 accedunt
614 3994 845 4080 septendecim
869 4014 996 4069 versuS,
1012 3993 1039 4056 si
1063 3992 1232 4078 particula
1255 4013 1313 4073 que
1335 4015 1511 4058 caesuram
1535 3994 1730 4060 muliebrem
1755 3995 1843 4062 effici
1868 3998 2023 4064 sinimus:

477 4143 508 4182 v.
556 4120 608 4185 23.
656 4117 859 4205 Perstringit
885 4115 897 4206 11
922 4137 1159 4203 praecepsque
1180 4119 1184 4196 1
1205 4115 1271 4180 11111
1297 4115 1309 4204 11
1335 4116 1512 4182 Maeotida
1535 4138 1690 4203 poscens.

553 4226 605 4288 27.
653 4224 719 4289 Per
743 4247 837 4289 mare
861 4224 909 4289 sic
935 4223 947 4310 11
973 4222 1161 4308 fluviosque
1183 4225 1186 4306 1
1208 4221 1294 4288 duos
1320 4221 1332 4310 11
1358 4223 1559 4290 discernitur
1583 4225 1685 4290 orbis.

530 4333 604 4398 235.
653 4330 723 4408 Qui
747 4331 869 4396 veteris
896 4331 907 4418 11
934 4331 1116 4415 claraeque
1137 4330 1141 4412 1
1163 4330 1275 4394 colunt
1302 4329 1315 4417 11
1340 4330 1401 4395 sub
1425 4332 1558 4396 moenia
1581 4331 1729 4397 Thebes.

531 4439 604 4505 336.
651 4436 832 4502 Tartessus
858 4435 870 4525 11
897 4435 1101 4522 Cempsique
1123 4437 1126 4516 1
1147 4436 1266 4500 sedent
1291 4434 1304 4522 11
1331 4437 1388 4524 qui
1413 4437 1553 4502 collibus
1576 4438 1659 4502 imis.

531 4547 604 4612 369.
652 4544 689 4608 ln
712 4545 843 4632 gremio
869 4543 881 4632 11
908 4542 1109 4628 Marsosque
1130 4545 1134 4624 1
1155 4542 1261 4606 simul.
1289 4542 1301 4631 11
1327 4555 1407 4610 tunc
1431 4544 1554 4609 deinde
1578 4545 1777 4613 Tarentum.

531 4653 605 4718 399.
652 4650 797 4737 Aegaeo
823 4647 835 4738 11
862 4647 1061 4734 Siculoque3
1083 4645 1088 4736 1
1109 4661 1246 4714 movent
1271 4647 1284 4738 11
1310 4672 1398 4737 quae
1421 4651 1557 4717 flamine
1580 4655 1681 4718 venti.

531 4759 605 4822 530.
653 4755 850 4842 Compescit
875 4755 887 4844 11
913 4754 1141 4842 damnumque
1163 4757 1167 4838 1
1188 4753 1285 4821 samis
1311 4755 1323 4842 11
1350 4756 1547 4844 rabiemque
1570 4759 1735 4826 diurnam.

531 4867 606 4930 556.
652 4865 712 4930 Ad
734 4863 892 4940 boream3
919 4861 931 4950 11
958 4863 1114 4948 saxisque
1136 4861 1140 4950 1
1162 4864 1250 4949 riget
1275 4863 1286 4950 11
1314 4863 1548 4930 Proconnesus
1572 4867 1605 4930 in
1629 4869 1693 4931 illa.

533 4974 606 5035 709.
654 4971 830 5036 Victorem
856 4969 868 5058 11
894 4971 1068 5056 verrisque
1088 4971 1093 5053 1
1114 4991 1234 5036 canem
1260 4968 1274 5056 11
1299 4970 1475 5057 rabidique
1498 4973 1614 5038 leonis.

531 5080 605 5143 805.
653 5078 839 5166 Corycium
864 5077 877 5166 11
904 5078 1085 5165 Pergeque
1106 5080 1110 5160 1
1131 5077 1245 5143 calens
1271 5077 1282 5164 11
1309 5090 1343 5143 et
1366 5078 1457 5143 celsa
1481 5078 1640 5146 Phaselis.
