4592 5766
1140 345 1219 446 ..li

560 627 621 692 sed
643 640 757 692 tamen
939 627 993 693 bis
1016 651 1070 692 νν.
1098 630 1147 692 15.
1176 629 1238 692 130
1454 626 1506 692 bis
1530 648 1585 690 vv.
1610 627 1685 690 333.
1711 627 1785 690 690.

604 801 719 852 tamen
962 789 1063 852 semel
1086 811 1118 852 ν.
1146 789 1208 852 138
1353 785 1570 853 duodevicies
1592 809 1647 850 vv.
1676 788 1725 850 10.
1751 787 1804 849 37.
1829 788 1882 850 45.

1353 895 1405 957 99.
1426 893 1500 957 246.
1522 895 1596 958 251.
1617 895 1692 957 273.
1715 894 1790 956 410.
1808 893 1884 960 474.

1353 1001 1428 1064 543.
1446 1001 1520 1064 580.
1539 1000 1613 1064 620.
1628 999 1703 1064 639.
1719 1001 1793 1066 655.
1808 999 1883 1062 687.

1383 1109 1387 1115 “
1482 1107 1557 1170 814.
1583 1107 1657 1169 891.
1683 1108 1757 1170 916.

1039 1267 1134 1332 deest
1456 1265 1509 1332 bis
1533 1289 1586 1330 vv.
1612 1267 1687 1330 540.
1714 1265 1787 1330 717.

289 1516 405 1583 Insunt
441 1517 545 1605 igitur
580 1518 613 1581 in
645 1515 858 1604 panegyrico
896 1517 935 1579 14
970 1516 1224 1582 coniunctiones
1259 1516 1493 1582 adversativae
1528 1517 1583 1581 vel
1617 1538 1683 1580 una
1719 1517 1806 1580 intra
1840 1515 1944 1597 22³1„
1980 1527 2099 1580 contra

290 1623 324 1687 in
347 1625 516 1711 periegesi
543 1626 605 1689 105
628 1623 683 1688 vel
705 1645 771 1686 una
795 1623 882 1686 intra
910 1623 1043 1706 1037)105
1068 1644 1200 1700 versus;
1225 1635 1290 1688 ast
1313 1634 1347 1687 et
1369 1644 1471 1688 vero
1494 1624 1705 1711 panegyrico
1729 1622 1829 1709 plane
1853 1621 1984 1687 desunt.

395 1731 587 1796 Discrimen
611 1731 698 1795 inter
721 1730 882 1807 carmina.
909 1727 953 1793 de
977 1729 1097 1815 quibus
1121 1731 1244 1817 agitur,
1274 1729 1425 1815 inprimis
1449 1750 1490 1795 eo
1513 1730 1704 1808 illustratur,
1729 1729 1821 1817 quod
1844 1731 2011 1816 particula
2035 1742 2100 1794 ast

289 1840 322 1903 in
345 1839 558 1928 panegyrico
581 1858 647 1902 non
671 1849 793 1915 exstat,
817 1857 894 1901 cum
910 1837 1096 1925 periegesis
1112 1859 1154 1902 ea
1170 1836 1331 1902 abundet.
1354 1835 1527 1900 Lucianus
1542 1835 1735 1916 Muellerus,
1759 1835 1803 1901 de
1819 1859 1855 1901 re
1871 1849 1966 1901 metr.
1983 1860 2017 1924 p.
2036 1839 2100 1902 394

288 1966 339 2032 sq.
375 1944 520 2010 ostendit
551 1956 617 2008 ast
643 1944 734 2009 idem
758 1966 830 2008 esse
854 1943 948 2030 quod
977 1956 1036 2023 at,
1071 1943 1132 2008 sed
1154 1956 1191 2007 ut
1213 1943 1269 2008 illa
1292 1941 1399 2008 forma
1423 1943 1466 2006 sit
1489 1944 1662 2022 vetustior,
1696 1956 1729 2008 et
1753 1942 1915 2030 plurimos
1939 1943 2099 2010 classicae

289 2052 411 2116 aetatis
434 2063 554 2137 poetas
577 2072 619 2116 eo
642 2050 748 2116 verbo
772 2049 971 2116 abstinuisse
996 2063 1029 2115 et
1053 2049 1096 2115 ab
1112 2047 1260 2138 Augusti
1281 2049 1360 2114 inde
1375 2061 1488 2114 aetate
1505 2051 1594 2114 hant:
1609 2047 1753 2115 formam
1769 2049 1924 2116 adhiberi
1941 2063 2100 2137 coeptam

290 2180 372 2223 esse.
421 2157 521 2235 Quae
554 2157 710 2223 Muelleri
744 2157 937 2223 observatio
971 2155 1215 2244 comprobatur
1250 2168 1283 2220 et
1315 2157 1507 2222 accuratius
1539 2157 1720 2221 illustratur
1752 2156 1796 2222 ab
1824 2157 1867 2222 H.
1891 2157 2044 2243 Jordano
2067 2159 2100 2220 in

289 2265 373 2331 libro
398 2265 624 2332 Kritische
648 2265 855 2353 Beitrttge
878 2287 951 2330 zur
971 2262 1239 2329 Geschichte
1263 2262 1337 2328 der
1361 2263 1651 2328 lateinischen
1674 2261 1867 2350 Spreche
1890 2287 1924 2351 p.
1942 2266 2007 2328 290
2023 2283 2099 2350 sqq.

290 2371 385 2461 Ergo
402 2384 522 2438 auctor
536 2373 738 2461 panegyrici
754 2372 995 2458 elegantiorem
1011 2393 1048 2436 se
1063 2382 1215 2458 praestat
1231 2370 1416 2457 periegete‚
1440 2370 1532 2456 quod
1548 2371 1754 2456 exemplaria
1775 2370 1917 2435 classica
1941 2371 2099 2458 sequitur.

396 2534 446 2597 At
468 2555 534 2598 non
558 2531 661 2598 modo
685 2532 793 2597 forma
816 2531 876 2597 sed
900 2533 1001 2596 etiam
1026 2530 1075 2594 vis
1099 2529 1373 2595 coniunctionum
1396 2530 1686 2596 adversativamm
1709 2531 1742 2594 in
1765 2532 1979 2620 panegyrico
1999 2552 2100 2596 accu-

291 2641 396 2704 ratius
419 2651 580 2704 servatur.
627 2637 719 2703 Nam
743 2638 1015 2727 quattuordecim
1031 2638 1217 2724 particulae
1233 2639 1303 2702 eius
1318 2659 1398 2702 vere
1415 2637 1649 2703 adversativae
1666 2651 1750 2716 sunt,
1775 2637 1897 2724 quibus
1914 2639 2101 2704 sententiae

289 2760 469 2833 sequentes
492 2745 777 2833 praecedentibus
801 2756 1026 2832 opponuntur.
1074 2744 1109 2807 ln
1134 2745 1303 2831 periegesi
1327 2755 1447 2810 contra
1470 2741 1683 2808 manifestum
1706 2732 1762 2808 est
1772 2743 1980 2810 Priscianum
2000 2766 2100 2832 para·

288 2854 449 2940 phrasten
463 2852 590 2918 crebris
602 2853 782 2940 archetypi
799 2850 924 2916 Graeci
935 2851 1109 2938 particulis
1122 2853 1161 2930 lt,
1174 2853 1290 2930 μὲν-69
1312 2862 1377 2915 etc.
1390 2849 1577 2916 adductum
1589 2850 1757 2916 interdurn
1769 2863 1827 2930 at,
1846 2864 1927 2930 ast,
1945 2852 2019 2916 sed
2035 2865 2100 2916 etc.

288 2961 449 3048 posuisse,
474 2959 531 3026 ubi
554 2982 649 3024 suurn
673 2961 784 3024 locum
807 2979 873 3024 non
897 2957 1033 3033 habent,
1057 2957 1117 3023 sed
1140 2958 1197 3022 ubi
1225 2971 1282 3036 et,
1307 2970 1408 3035 tum,
1430 2979 1561 3044 porro
1585 2958 1702 3022 similia
1726 2970 1977 3044 exspectantur.
2010 2956 2100 3023 Sane

288 3068 484 3133 coniunctio
508 3081 553 3133 at
575 3079 609 3132 et
632 3088 653 3131 a
675 3067 786 3153 poetis
810 3079 844 3130 et
866 3087 887 3129 a
911 3064 1122 3151 pedestribus
1146 3063 1365 3149 scriptoribus
1388 3062 1568 3128 adhibetur
1591 3063 1637 3128 ad
1660 3065 1842 3129 sententias
1866 3064 2020 3150 dispares
2044 3085 2103 3128 eas

289 3175 426 3262 quidem
451 3174 512 3239 sed
535 3197 602 3240 non
626 3173 726 3260 plane
750 3173 925 3259 oppositas
948 3171 1212 3259 coniungendas.
1237 3169 1341 3236 Velut
1364 3171 1396 3234 in
1420 3168 1577 3236 Caesaris
1601 3171 1644 3236 de
1668 3171 1757 3236 bello
1782 3168 1915 3235 Gallico
1932 3191 2103 3236 commen-

288 3281 376 3346 tario
393 3292 514 3367 quarto
538 3293 643 3367 caput
666 3279 734 3343 XII
757 3279 923 3365 particula
946 3290 988 3342 at
1010 3277 1137 3363 incipit,
1162 3289 1264 3363 atque
1289 3275 1409 3341 eadem
1431 3277 1470 3341 in
1488 3299 1589 3342 versu
1606 3280 1667 3342 691
1687 3278 1832 3366 Vergilii
1849 3277 2011 3343 Aeneidis
2027 3277 2104 3343 libri

291 3387 355 3451 Vll
372 3388 557 3473 respondet
573 3385 875 3474 injenumeratione
892 3382 1351 3471 praecedentibusPrimus
1369 3386 1414 3466 (ν.
1432 3385 1521 3466 647),
1537 3396 1635 3470 post
1659 3387 1703 3468 (ν.
1729 3386 1817 3468 656),
1841 3396 1926 3448 tum
1947 3388 1993 3469 (v.
2010 3385 2102 3470 670),

290 3515 367 3558 nec
391 3493 437 3578 (ν.
464 3496 552 3578 678).
600 3493 745 3558 Ceterae
768 3493 954 3579 particulae
972 3503 1091 3557 contra
1114 3491 1205 3569 sed,
1229 3490 1305 3555 sed
1328 3503 1484 3569 tamen,
1509 3503 1666 3570 tamen,
1691 3504 1848 3570 tamen,
1872 3511 1975 3557 vero
1999 3493 2103 3580 vulgo

292 3601 497 3664 contrarium
521 3613 555 3664 et
578 3599 613 3664 id
635 3621 743 3687 grave
767 3601 974 3664 contrarium
998 3597 1199 3686 significant.

396 3759 543 3826 Proiero
567 3762 733 3848 exempla,
768 3783 856 3849 quae
890 3760 1074 3847 periegesis
1102 3757 1245 3845 praebet
1279 3759 1347 3820 vim
1382 3757 1631 3822 adversativam
1667 3760 1893 3847 neglegentia,
1918 3761 2104 3846 particulas

290 3865 566 3953 respondentium
589 3867 743 3955 Dionysii
778 3869 931 3933 locorum
965 3865 1095 3932 addens
1118 3865 1213 3930 uncis
1240 3867 1402 3930 inclusas:
1441 3863 1591 3929 Primum
1614 3866 1689 3931 sed
1713 3867 1745 3930 vi
1770 3866 1984 3931 adversativa
2007 3879 2102 3932 caret

289 3996 322 4040 v.
350 3975 411 4037 106
436 3974 542 4061 (apud
563 3974 763 4062 Dionysium
786 3997 817 4038 v.
840 3977 900 4039 102
925 3985 1026 4039 vacat
1049 3972 1239 4057 particula).
1276 3971 1536 4060 Tyrrhenum
1571 3974 1773 4061 zephyro,
1808 3971 2007 4038 Siculum
2030 3973 2103 4038 sed

290 4080 522 4146 tunditur
557 4095 736 4161 austro,
775 4083 833 4145 141
870 4102 919 4168 sq.
954 4085 987 4162 (η’
1006 4082 1035 4143 δὲ
1058 4102 1090 4143 v.
1118 4080 1194 4162 152)
1230 4078 1355 4158 Unus,
1391 4081 1536 4166 qui
1573 4077 1784 4144 Carambis
1823 4080 1995 4156 dicitur;
2034 4078 2104 4144 sed

290 4200 430 4254 contra
455 4237 462 4253 .
489 4237 528 4252 ..
565 4190 667 4254 alter
702 4189 918 4276 prominet,
955 4189 1015 4250 371
1052 4207 1102 4273 sq.
1134 4189 1172 4270 (τ’
1201 4209 1233 4251 ν.
1258 4188 1336 4270 379)
1371 4185 1571 4252 Calabrae
1594 4188 1749 4252 telluris
1778 4209 1870 4252 rura
1904 4199 2102 4253 secuntur.

291 4295 427 4382 Usque
452 4295 569 4384 Hyrii
598 4319 786 4362 summam
818 4293 888 4360 sed
921 4292 1051 4358 tendit
1079 4292 1241 4380 Iapygis
1275 4315 1354 4372 ora,
1392 4295 1454 4358 396
1479 4295 1524 4378 (lt
1542 4317 1574 4358 v.
1600 4297 1678 4378 398)
1703 4295 1787 4359 miro
1810 4294 1906 4360 fonte
1931 4294 2103 4381 descripto

290 4403 445 4489 pergitur
480 4401 558 4467 Sed
593 4425 714 4489 supra
748 4402 946 4478 Thracen,
970 4403 1034 4466 524
1059 4422 1131 4488 sqq.
1171 4397 1256 4484 (αὖθ’
1286 4422 1317 4463 ν.
1347 4403 1425 4484 500)
1461 4400 1684 4467 Videntur:
1723 4402 1973 4489 Aegylaque,
2013 4401 2103 4466 inde

292 4505 482 4596 Cythera,
497 4508 689 4574 Calauria
704 4509 802 4574 dura
824 4508 990 4582 colonis;
1007 4506 1056 4571 ad
1073 4506 1207 4572 radios
1223 4507 1357 4594 vergit
1373 4507 1441 4572 sed
1454 4505 1692 4594 Carpathus,
1710 4511 1773 4572 713
1787 4530 1859 4596 sqq.
1875 4510 2105 4593 (all'rlrot—ptv

289 4639 323 4681 v.
350 4619 424 4694 736,
448 4616 540 4703 quod
564 4616 803 4703 Bemhardyus
826 4616 926 4680 vertit
950 4616 1010 4699 at)
1110 4612 1213 4680 bibit
1246 4615 1348 4678 hunc
1383 4614 1617 4679 Bactrus...
1653 4613 1733 4681 Sed
1756 4615 1896 4680 Bactri
1919 4614 2104 4680 habitant

292 4773 390 4804 ...,
419 4727 483 4789 830
514 4747 564 4811 sq.
596 4723 757 4811 (αύτάρν.
783 4724 860 4808 892)
886 4721 1000 4788 Nilus
1024 4722 1074 4788 ad
1102 4743 1193 4786 oras
1229 4721 1445 4809 Hesperies
1480 4721 1596 4800 finit3
1630 4722 1702 4788 sed
1736 4723 1890 4809 Tethys
1925 4723 2021 4788 solis
2056 4721 2105 4786 ab

293 4842 384 4896 ortu
408 4829 546 4896 Indica
582 4829 810 4908 concludit;
844 4829 1022 4894 Rubrum
1055 4849 1162 4894 mare
1197 4830 1385 4893 terminat
1419 4840 1605 4908 austrum,
1641 4830 1705 4894 842
1730 4851 1803 4916 sqq.
1828 4833 1870 4913 (δ’
1900 4853 1932 4894 ν.
1957 4831 2047 4913 905).
2073 4877 2103 4893 ..

294 4938 361 5002 alii
396 4935 536 5001 mediis
570 4936 756 5002 habitant
790 4936 945 5002 telluris
976 4937 1013 4999 in
1042 4936 1213 4999 arvis..
1240 4959 1269 5012 .;
1305 4925 1382 5000 sed'
1406 4937 1528 5000 litora
1561 4936 1671 5000 iuxta
1708 4935 1931 5003 Phoenices
1966 4936 2106 5000 vivunt

293 5029 392 5122 ..],
429 5045 492 5107 900
521 5066 569 5130 sq.
599 5044 637 5128 (δ’
656 5067 687 5110 ν.
707 5047 784 5128 975)
821 5043 1091 5131 Cappadoces
1126 5042 1266 5107 mediis
1300 5042 1484 5108 habitant
1506 5045 1543 5107 in
1571 5041 1722 5108 linibus
1746 5043 1881 5120 huius;
1912 5042 2106 5107 terminus
