4592 5766
1146 353 1250 456 39„

290 675 354 742 bus
377 675 590 740 inveniuntur
613 671 719 737 verbo
743 670 962 759 tetrasyllabo
987 670 1277 750 concludentibus,
1301 692 1385 758 quos
1409 692 1475 736 non
1499 671 1638 736 usitatos
1662 691 1737 735 esse
1761 671 1828 734 iam
1851 691 1952 756 supra
1975 669 2105 737 dictum

290 796 343 848 est
378 781 438 866 (cf.
468 803 502 867 p.
536 783 579 864 7).
636 778 793 844 Tertium
826 799 908 842 vero
941 779 1136 866 periegetes
1163 779 1251 843 intra
1286 779 1438 866 quintum
1472 777 1596 864 pedem
1631 777 1719 841 inter
1753 776 2039 842 undevicesimam
2071 790 2106 842 et

292 889 487 954 vicesimam
511 908 641 952 moram
664 886 801 950 elisione
825 886 929 949 utitur
952 907 1020 950 non
1044 887 1151 950 solum
1166 885 1323 952 brevibus
1338 864 1361 950 a
1377 865 1443 951 ete
1458 883 1598 949 abiectis
1613 907 1645 947 v.
1663 884 1727 948 296
1742 885 2105 971 ρεετοτειυΑΙαηί,

293 996 355 1059 721
382 992 803 1080 εαῃξυὶῐιευεφιίηο,
835 991 1022 1056 sedetiam
1046 991 1261 1081 diphthongo
1285 1015 1332 1058 ae
1356 1017 1387 1056 v.
1414 994 1478 1058 540
1501 991 1860 1078 ἱηευΙαευΑὒγάἰ.

399 1143 523 1210 Sextus
556 1166 616 1229 pes
652 1145 684 1208 in
719 1155 862 1228 utroque
896 1143 1046 1208 carmine
1077 1144 1285 1232 synaloephe
1313 1155 1424 1223 vacat,
1461 1143 1529 1209 duo
1560 1143 1749 1230 periegesis
1778 1165 1894 1207 versus
1926 1143 2107 1230 aphaeresi

290 1253 554 1320 concluduntur:
580 1254 622 1315 24
646 1249 955 1330 austrum„est,
979 1253 1043 1316 425
1068 1263 1314 1327 οτϊιιηιυεεϊ.

400 1405 506 1484 Loca,
541 1403 662 1492 quibus
695 1404 904 1492 synaloephe
927 1403 1034 1467 vitata
1057 1414 1117 1480 est,
1153 1402 1274 1466 lineola
1306 1414 1399 1467 recta
1429 1400 1693 1489 significantibus
1723 1399 1818 1465 nobis
1842 1401 1979 1466 schema
2001 1423 2107 1488 pane-

290 1512 406 1602 gyrici
430 1513 496 1577 hoc
520 1513 686 1577 occurrit:

623 1613 1779 1706 —av—avuav-avuuuue

291 1752 479 1841 periegesis
501 1752 583 1817 hoc:

623 1899 663 1906 -
698 1889 792 1914 νυ
827 1897 867 1905 -
902 1856 1012 1945 vlu
1050 1896 1090 1904 —
1127 1855 1238 1944 salv
1274 1895 1313 1902 —-
1349 1885 1442 1911 νυ
1475 1895 1515 1903 -
1545 1855 1780 1944 *Vl-lv

401 2011 482 2077 Inde
519 2011 669 2098 sequitur
703 2011 832 2096 insigne
867 2009 1057 2088 discrimen,
1093 2008 1187 2096 quod
1220 2009 1450 2096 panegyricus
1473 2009 1697 2096 synaloephas
1721 2009 1842 2074 decem
1865 2009 1947 2075 locis
1970 2030 2108 2095 prorsus

293 2117 455 2197 excludit,
481 2139 558 2185 cum
580 2117 764 2205 periegesis
788 2139 865 2182 eam
888 2115 991 2180 modo
1015 2127 1175 2203 quattuor
1198 2117 1279 2180 locis
1302 2115 1395 2179 vitet.

402 2253 627 2320 Conferamus
652 2271 740 2315 nunc
774 2249 911 2314 vocales
934 2250 988 2313 vel
1011 2249 1169 2337 syllabas,
1194 2249 1336 2335 quaein
1353 2261 1496 2334 utroque
1518 2250 1666 2314 carmine
1688 2250 1865 2315 eliduntur.
1914 2250 2110 2315 Baehrensii

297 2361 497 2426 coniecturis
526 2358 654 2425 omissis
681 2357 716 2420 in
751 2356 962 2442 penegyrico
998 2355 1127 2444 syllaba
1155 2378 1219 2421 um
1242 2354 1386 2420 abicitur
1408 2367 1528 2442 quater
1551 2379 1605 2420 vv
1630 2359 1682 2421 46.
1711 2358 1783 2421 121.
1816 2360 1889 2424 185.
1914 2358 1990 2437 302,
2014 2356 2110 2423 ebis

294 2485 353 2530 vv.
373 2469 434 2532 108
456 2479 491 2532 et
515 2468 587 2543 153,
611 2486 633 2528 a
653 2467 755 2528 semel
780 2487 811 2526 v.
830 2465 882 2542 60,
907 2486 928 2528 a
951 2463 1101 2528 semelv.
1123 2465 1198 2540 283,
1222 2463 1368 2527 esemel
1399 2485 1429 2526 v.
1461 2463 1568 2542 278,“
1561 2486 1571 2526 r
1602 2465 1704 2528 semel
1736 2487 1768 2527 v.
1795 2467 1846 2528 74.
1881 2464 1919 2530 In
1941 2465 2109 2571 periegesi

295 2601 316 2643 a
334 2588 401 2641 ete
425 2595 491 2638 non
508 2573 685 2650 eliduntur,
712 2569 841 2678 syllaba
865 2593 929 2634 um
951 2583 1004 2634 ter
1027 2593 1081 2633 vv.
1106 2570 1182 2633 298
1207 2571 1282 2633 395.
1308 2571 1371 2633 615
1396 2568 1495 2657 (ergo
1511 2570 1617 2634 rarius
1634 2592 1698 2656 pro
1714 2571 1949 2660 panegyrico),
1967 2572 2112 2638 esemel

296 2696 330 2749 et
362 2680 568 2770 quadragies
598 2703 653 2744 vv.
686 2679 757 2742 182.
790 2666 865 2742 323.
897 2679 971 2744 372.
1004 2678 1079 2743 528.
1110 2679 1183 2744 768.
1216 2677 1291 2744 801.
1320 2677 1395 2740 839.
1428 2677 1502 2740 842.
1534 2678 1707 2742 851.858.
1736 2678 1830 2742 1020.
1857 2681 1908 2743 77.
1937 2681 2009 2744 140.
2035 2678 2110 2742 262.

296 2791 371 2856 525.
404 2788 498 2852 1022.
533 2789 562 2850 6.
593 2787 667 2850 613.
704 2786 777 2849 727.
809 2787 862 2849 46.
897 2786 969 2849 163.
995 2785 1069 2849 384.
1094 2785 1169 2848 497.
1196 2785 1269 2847 711.
1296 2786 1369 2848 737.
1399 2786 1474 2849 863.
1500 2787 1574 2851 886.
1603 2786 1653 2848 17.
1678 2787 1731 2849 30.
1757 2786 1808 2849 70.
1834 2785 1909 2849 234.
1935 2786 2009 2850 302.
2034 2786 2110 2848 445.

296 2897 371 2962 521.
401 2896 474 2958 674.
508 2895 582 2958 697.
618 2893 691 2956 721.
724 2894 818 2956 1003.
850 2893 944 2956 1005.
982 2893 1076 2956 1019.
1108 2871 1252 2970 1028}
1282 2893 1406 2978 septies
1435 2915 1490 2954 vv.
1523 2892 1598 2955 330.
1623 2893 1697 2955 944.
1731 2893 1804 2956 781.
1838 2893 1910 2956 103.
1934 2893 2010 2956 455.
2035 2892 2110 2955 296.

295 3006 375 3082 596,
405 2991 418 3066 i
446 3011 566 3087 quater
595 3023 650 3064 vv.
683 3000 756 3063 119.
788 3001 861 3064 592.
895 3001 969 3064 853.
1004 3000 1098 3063 1043.
1145 2998 1331 3064 Praeterea
1361 2998 1555 3086 periegetes
1585 2997 1695 3063 elidit:
1727 3019 1789 3062 arn
1819 3010 1941 3085 quater
1971 3021 2026 3062 vv.
2061 3000 2111 3062 16.

299 3113 348 3174 17.
381 3110 453 3174 102.
479 3109 553 3186 395,
578 3128 639 3170 em
669 3116 721 3170 ter
742 3128 795 3170 vv.
828 3108 902 3171 500.
935 3107 1009 3170 906.
1043 3106 1118 3184 672,
1146 3127 1193 3170 ae
1223 3105 1327 3170 octies
1351 3127 1405 3168 vv.
1433 3105 1482 3170 18.
1512 3107 1565 3170 32.
1593 3106 1665 3168 143.
1694 3107 1788 3170 1053.
1814 3106 1887 3169 542.
1914 3107 1988 3203 937.
2017 3107 2112 3169 1053.

296 3218 372 3296 540,
396 3206 418 3281 o
437 3215 541 3280 semel
564 3237 595 3278 v.
619 3215 694 3277 416.

402 3347 661 3436 Monosyllabae
684 3358 762 3411 ante
787 3358 963 3434 sequentes
986 3346 1107 3434 longas
1136 3347 1237 3410 elisae
1261 3345 1432 3411 notandae
1457 3359 1547 3410 sunt:
1572 3347 1604 3410 in
1627 3346 1839 3433 panegyrico
1856 3369 1887 3409 v.
1905 3346 1969 3411 278
1993 3357 2053 3424 te,
2078 3345 2112 3408 in

296 3457 464 3545 periegesi
488 3478 518 3518 v.
548 3456 585 3517 17
612 3475 749 3540 quam,
775 3455 838 3518 395
863 3475 967 3532 curn,
993 3454 1057 3517 500
1081 3475 1218 3540 quem,
1245 3454 1329 3516 1052
1353 3474 1470 3538 quae.

403 3589 528 3652 Forma
552 3600 614 3652 est
637 3586 733 3652 verbi
769 3587 966 3651 substantivi
1001 3586 1179 3672 aphaeresi
1214 3587 1344 3650 litterae
1380 3607 1398 3650 e
1434 3588 1466 3650 in
1500 3586 1713 3673 panegyrico
1760 3587 1895 3651 omnino
1930 3607 1998 3649 non
2033 3606 2112 3650 curn

296 3694 525 3783 praecedente
550 3693 717 3759 vocabulo
743 3691 969 3773 confunditur,
993 3693 1025 3756 in
1050 3693 1218 3778 periegesi
1242 3692 1418 3780 quinquies
1442 3715 1495 3756 vv.
1521 3694 1573 3756 24.
1602 3694 1674 3756 120.
1701 3694 1775 3756 260.
1801 3694 1876 3756 419.
1902 3693 1976 3758 425.

404 3845 450 3910 Ut
466 3845 501 3910 id
517 3845 705 3910 notandum
730 3857 814 3923 erat,
838 3844 932 3931 quod
954 3844 1187 3931 diphthongus
1211 3866 1258 3908 ae
1282 3845 1313 3908 in
1330 3845 1540 3931 panegyrico
1557 3866 1733 3932 nusquam,
1757 3846 1790 3908 in
1806 3845 1976 3930 periegesi
1992 3858 2113 3909 contra

297 3954 404 4020 octies
429 3952 572 4030 eliditur,
596 3954 644 4016 ita
660 3954 692 4016 in
710 3953 765 4018 illo
789 3952 938 4017 carmine
962 3973 1072 4016 raram
1096 3973 1172 4015 eam
1196 3951 1364 4016 licentiam
1380 3952 1523 4016 vitatam
1546 3973 1617 4016 esse
1641 3952 1804 4029 videmus,
1822 3941 1935 4038 quade
1963 3951 1997 4014 in
2020 3953 2114 4016 exitu

295 4061 390 4127 verbi
414 4061 601 4146 corripitur.
650 4058 719 4136 Qui
750 4081 828 4124 usus
858 4059 890 4122 in
921 4057 1089 4144 periegesl
1122 4057 1297 4144 quinquies
1325 4057 1507 4123 invenitur:
1541 4071 1662 4145 quater
1685 4059 1717 4122 in
1740 4057 1845 4124 verbo
1870 4059 2034 4123 insulae
2057 4081 2113 4123 vv.

297 4169 371 4233 459.
397 4169 472 4235 520.
497 4169 572 4232 567.
598 4168 662 4231 610
696 4179 729 4230 et
759 4166 863 4230 semel
895 4166 928 4228 in
953 4165 1085 4229 nomine
1110 4165 1252 4251 proprio
1275 4188 1306 4227 v.
1332 4165 1396 4228 464
1421 4163 1680 4252 Gymnesiae
1705 4165 1764 4248 (cf.
1789 4163 1874 4230 Luc.
1897 4165 2113 4242 Muellerum,

298 4275 341 4340 de
366 4297 402 4339 re
426 4287 522 4340 metr.
546 4297 580 4361 p.
606 4275 695 4358 308).

403 4409 498 4473 Duas
513 4409 648 4474 vocales
665 4409 751 4471 intra
766 4405 858 4470 idern
871 4404 1010 4470 verbum
1027 4404 1060 4468 in
1084 4427 1186 4469 uuam
1201 4402 1366 4491 syllabam
1390 4425 1453 4489 per
1476 4404 1640 4491 synlzesin
1661 4405 1822 4470 contusas
1845 4406 1878 4468 in
1901 4404 2114 4493 panegyrico

297 4538 363 4580 non
396 4515 628 4581 animadverti.
675 4512 711 4577 ln
742 4511 909 4600 periegesi
941 4512 1057 4575 notavi
1090 4513 1274 4600 synlzeses:
1304 4511 1337 4574 in
1369 4508 1532 4574 adverbio
1560 4511 1716 4576 deinde
1747 4536 1802 4577 vv.
1828 4515 1902 4577 362.
1934 4515 1998 4578 369
2023 4513 2114 4578 etin

297 4621 460 4687 adverbio
477 4622 632 4687 dehinc
648 4622 760 4684 littera
775 4620 797 4683 h
814 4641 979 4707 oppressa
996 4643 1027 4682 v.
1045 4623 1120 4684 475.
1156 4617 1286 4684 Contra
1297 4641 1330 4682 v.
1343 4621 1408 4682 820
1420 4619 1510 4684 idem
1523 4617 1678 4684 dehinc
1694 4619 1764 4683 sine
1777 4620 1919 4707 synlzesi
1931 4619 2115 4706 legendum

297 4741 357 4809 est,
374 4729 468 4817 quod
484 4730 576 4816 prior
597 4727 726 4817 syllaba
750 4727 901 4792 ultimam
921 4750 1052 4793 moram
1083 4724 1222 4790 secundi
1245 4725 1342 4811 pedis
1366 4726 1480 4811 explet
1504 4725 1610 4790 altera
1633 4726 1722 4790 arsin
1745 4725 1844 4789 tertii.
1880 4723 2115 4812 Comparandi

297 4858 401 4901 causa
425 4859 540 4900 versus
565 4836 629 4923 ipsi
652 4836 831 4923 legantur:

564 4993 595 5033 v.
620 4971 695 5033 475.
740 4968 798 5035 Sic
822 4969 901 5033 alibi
934 4979 1085 5054 generat.
1112 4949 1234 5031 deliine
1258 4986 1359 5051 rupes
1383 4965 1614 5031 Aeolidarum.

566 5099 596 5141 v.
621 5078 696 5140 820.
736 5076 970 5162 Commagena
995 5074 1117 5138 dehinc
1142 5074 1236 5160 regio
1260 5071 1449 5160 Syriaeque
1474 5087 1645 5138 secuntur.
