4592 5766
1107 363 1123 424 7

1074 455 1167 470 ’κ’κΧΛΙ

314 572 471 640 Eandem
505 574 687 640 duritatem
723 588 757 641 et
790 576 954 641 inscitiam
991 578 1038 642 rei
1073 578 1256 654 metricae,
1290 576 1334 641 de
1358 597 1426 663 qua
1448 575 1573 640 Birtius
1601 578 1621 639 1.
1646 596 1676 641 c.
1700 599 1734 662 p.
1759 578 1801 640 45
1826 576 2022 643 Martialem

207 680 435 766 reprehendit,
475 681 589 768 quod
619 683 658 747 111
689 684 938 750 hexametro
969 684 1198 770 tripartito
1232 684 1409 770 primum
1438 681 1590 768 pedem
1623 680 1759 747 verbo
1794 681 2023 772 dactylico

206 788 275 853 vel
302 787 541 876 spondiaco
571 790 767 876 impleat,
800 803 843 854 ut
876 791 916 855 in
943 791 1084 856 altera
1112 791 1198 856 arsi
1226 787 1568 875 monosyllabum
1599 798 1744 853 exstet
1771 800 1812 854 et
1844 789 1887 855 id
1911 789 2024 878 quod

207 895 544 961 trithemimeres
572 898 663 961 vult
690 917 744 962 sc.
768 908 810 961 ut
837 911 1045 963 accentus
1073 897 1195 963 verbi
1215 919 1361 963 versus
1385 896 1491 963 ictui
1516 907 1732 984 repugnet
1755 897 1955 978 tollatur,
1989 899 2021 962 in

205 1001 375 1089 periegesi
398 1003 604 1068 invenimus:

473 1159 504 1201 v.
529 1138 605 1202 427.
651 1136 817 1203 Traditur
839 1139 895 1204 hic
921 1137 933 1225 ll
958 1138 1052 1204 Ilisos
1072 1140 1076 1222 l
1098 1138 1196 1225 aquis
1221 1137 1233 1226 ll
1259 1137 1449 1203 devolvitur
1472 1138 1591 1201 amnis.

529 1246 603 1309 942.
651 1243 727 1310 Geli
751 1257 826 1311 sunt
852 1243 864 1332 ll
890 1244 1073 1331 Mardique
1094 1249 1098 1328 l
1119 1245 1180 1310 viri
1206 1243 1218 1330 l}
1244 1244 1340 1308 simul
1363 1243 1578 1329 Atropateni.

206 1373 341 1452 Quibus
364 1376 512 1442 fortasse
535 1377 811 1443 adnumerandus
834 1391 885 1444 est

483 1497 515 1548 v.
540 1485 593 1549 27.
640 1484 708 1550 Per
732 1507 825 1550 mare
850 1487 899 1551 sic
926 1484 938 1572 ll
963 1485 1150 1571 fluviosque
1171 1487 1175 1568 l
1196 1484 1282 1549 duos
1308 1482 1320 1570 ll
1345 1483 1546 1548 discernitur
1569 1482 1670 1562 orbis,

205 1615 239 1680 in
262 1638 330 1703 quo
353 1616 490 1703 quidem
514 1641 580 1684 non
602 1641 706 1683 unum
722 1619 865 1684 verbum
888 1618 1096 1707 dactylicum
1119 1618 1253 1705 legitur,
1277 1616 1338 1681 sed
1361 1617 1569 1702 praepositio
1594 1637 1671 1682 cum
1695 1617 1830 1682 nomine
1854 1617 2020 1684 coaluisse

205 1722 312 1788 videri
335 1735 458 1809 potest.

311 1855 382 1922 Iam
414 1857 461 1923 ita
493 1871 734 1945 comparentur
765 1860 850 1924 inter
882 1881 918 1924 se
951 1858 1116 1938 carmina,
1149 1873 1186 1924 ut
1216 1859 1263 1924 ad
1292 1859 1468 1925 incisiones
1491 1858 1707 1924 attendamus
1730 1858 1817 1923 intra
1840 1857 2019 1945 dipodiam

204 1984 338 2027 versum
361 1963 621 2030 concludentem
643 1965 795 2030 usitatas.
842 1964 878 2030 In
902 1977 1046 2053 utroque
1069 1967 1267 2052 praevalent
1290 1987 1408 2030 versus
1431 1964 1477 2030 ad
1500 1967 1560 2030 has
1583 1985 1718 2032 normas
1741 1965 1903 2031 formati:

523 2070 657 2158 Accipe
680 2072 874 2138 Romanum
897 2072 1053 2138 clementi
1076 2085 1217 2158 pectore
1239 2073 1242 2155 l
1264 2093 1400 2139 carmen

205 2172 239 2224 et

525 2248 694 2336 Prospera
717 2272 805 2337 quae
830 2249 926 2316 bellis
947 2250 1076 2338 pariter
1100 2250 1156 2315 vel
1179 2271 1267 2337 pace
1289 2253 1292 2334 l
1314 2249 1424 2314 tulisti.

202 2354 337 2421 Auctor
360 2356 562 2444 panegyrici
584 2368 663 2421 ante
687 2357 837 2422 ultimam
860 2357 950 2422 arsin
973 2355 1088 2422 verbis
1112 2356 1349 2443 monosyllabis
1373 2378 1441 2420 non
1464 2356 1566 2422 utitur
1588 2368 1725 2442 praeter
1747 2357 2016 2442 praepositiones

203 2461 261 2540 in,
285 2460 378 2542 sub,
401 2461 470 2542 ad,
494 2483 586 2549 per,
609 2463 661 2528 ab
685 2475 719 2529 et
742 2465 782 2528 iis
805 2464 943 2550 quidem
966 2463 1090 2550 ubique
1114 2484 1193 2529 cum
1216 2464 1281 2528 fine
1306 2461 1576 2528 coalescentibus
1599 2475 1636 2528 ut

471 2593 502 2634 v.
551 2572 604 2633 44.
650 2570 697 2635 Et
720 2571 840 2657 loquar
864 2583 900 2636 ut
923 2569 1084 2649 breviter,
1108 2569 1202 2657 quod
1225 2569 1326 2634 sentis
1351 2569 1457 2636 corde
1478 2571 1482 2653 Ι
1503 2568 1564 2634 sub
1589 2570 1667 2648 imo,

205 2697 271 2741 non
295 2688 441 2764 excepto

472 2808 503 2849 v.
529 2785 604 2849 299.
652 2783 723 2861 Qui
746 2784 927 2874 Scythicas
950 2798 1072 2874 gentes
1095 2787 1177 2872 ripis
1200 2784 1338 2872 depellit
1359 2788 1363 2870 Ι
1384 2786 1428 2852 ab
1452 2785 1567 2850 Histri.

202 2906 295 2973 Nam
318 2930 524 2997 quamquam
544 2909 611 2976 hoc
634 2910 710 2976 loco
734 2911 941 2997 praepositio
968 2909 1019 2975 ab
1048 2911 1284 2996 anastrophice
1307 2909 1351 2975 ab
1375 2911 1509 2975 nomine
1534 2909 1641 2996 ripis
1664 2923 1877 2998 segregatur,
1902 2922 2017 2978 tamen

203 3015 305 3080 etiam
340 3027 419 3081 ante
457 3013 597 3082 Histri
621 3037 681 3081 suo
704 3017 781 3082 loco
798 3029 869 3095 est,
904 3018 1065 3104 quoniam
1088 3019 1191 3084 etiam
1212 3017 1246 3081 in
1270 3017 1420 3083 oratione
1443 3017 1554 3082 soluta
1581 3015 1632 3082 ab
1655 3013 1794 3080 Histri
1818 3017 1925 3103 ripis
1948 3017 2018 3083 dici

201 3135 324 3209 potest.

310 3255 465 3321 Verbum
489 3256 744 3346 tetrasyllabum
768 3259 800 3322 111
824 3257 891 3322 fine
915 3279 1030 3326 versus
1053 3280 1121 3323 non
1145 3259 1322 3336 invenitur,
1346 3257 1617 3346 pentasyllabum
1639 3259 1764 3321 semel:

469 3387 501 3428 v.
549 3365 601 3429 80.
648 3361 797 3430 Graecia
821 3365 888 3429 iam
910 3376 1024 3430 taceat
1048 3366 1176 3431 iactans
1200 3365 1279 3430 mihi
1303 3364 1611 3451 Bellerophontem.

203 3495 281 3561 Hoc
305 3517 346 3560 eo
370 3509 563 3576 excusatur,
587 3498 681 3596 quod
705 3520 826 3563 nomen
849 3499 1025 3585 proprium
1049 3511 1108 3564 est.

310 3627 444 3694 Maiore
465 3630 622 3696 libertate
655 3632 759 3696 utitur
781 3633 978 3720 periegesis‚
1002 3632 1035 3696 in
1059 3654 1128 3719 qua
1151 3655 1217 3698 non
1241 3633 1344 3698 modo
1368 3633 1478 3697 multis
1502 3633 1585 3698 locis
1605 3631 1873 3718 praepositiones
1897 3651 2015 3695 mono-

203 3733 354 3822 syllabae
389 3749 467 3801 ante
491 3738 642 3802 ultimam
675 3741 763 3804 arsin
791 3739 852 3804 sed
875 3740 977 3805 etiam
1000 3740 1253 3806 coniunctiones
1276 3751 1421 3804 exstant:
1445 3739 1592 3824 primum
1617 3737 1854 3824 copulativae:
1878 3760 1908 3800 v.
1932 3737 1953 3800 2
1976 3749 2019 3802 et

203 3842 359 3922 undae,
400 3845 437 3908 71
476 3855 517 3908 et
551 3857 683 3926 artes,
719 3848 784 3913 204
820 3859 860 3912 et
895 3845 1072 3926 umbris,
1108 3848 1172 3914 205
1208 3857 1249 3911 et
1283 3846 1388 3934 igni,
1428 3846 1491 3913 323
1527 3856 1567 3909 et
1590 3845 1721 3922 altus,
1757 3846 1821 3908 335
1846 3857 1887 3909 et
1910 3845 2018 3922 alta,

203 3952 269 4015 439
303 3963 343 4015 et
372 3973 463 4030 ora,
498 3954 558 4020 551
595 3964 636 4016 et
665 3953 799 4032 altae,
832 3955 895 4018 569
927 3966 967 4018 et
997 3975 1139 4046 auras,
1173 3955 1236 4017 734
1260 3965 1300 4018 et
1324 3953 1429 4030 oris,
1453 3953 1517 4018 905
1542 3963 1582 4015 et
1606 3950 1730 4029 inde,'.
1753 3953 1817 4016 913
1841 3963 1882 4015 et
1906 3951 2018 4030 exit,

204 4060 265 4123 971
298 4071 339 4124 et
368 4080 487 4136 arcu,
521 4060 586 4123 990
609 4072 650 4125 et
673 4072 820 4149 auget,
856 4063 939 4126 1065
963 4081 1039 4126 nec
1064 4061 1175 4148 ignis
1199 4098 1239 4107 —
1264 4073 1335 4124 tum
1353 4057 1610 4123 adversativae:
1635 4081 1666 4121 v.
1693 4059 1756 4120 535
1781 4056 1857 4122 sed
1880 4068 2016 4136 ortus,

204 4165 268 4230 263
292 4176 334 4230 at
364 4165 456 4245 illa,
480 4168 545 4231 400
580 4179 622 4231 at
656 4167 804 4246 altum,
840 4169 903 4232 953
938 4180 981 4232 at
1015 4167 1090 4232 illa
1122 4205 1162 4214 —-
1194 4167 1339 4253 denique
1370 4165 1590 4230 disiunctiva:
1625 4185 1658 4228 v.
1683 4165 1747 4230 637
1776 4166 1843 4228 vel
1867 4166 2016 4229 austri.

203 4269 322 4336 Verba
344 4284 504 4359 quattuor
539 4285 573 4337 et
608 4275 752 4359 plurium
787 4266 993 4363 s'yllabarum
1027 4273 1234 4339 concludunt
1268 4295 1384 4338 versus
1422 4273 1471 4336 15.
1510 4272 1582 4335 192.
1620 4271 1694 4334 234.
1726 4271 1801 4336 302.
1832 4271 1906 4334 311.
1940 4273 2015 4335 314.

204 4382 279 4445 336.
305 4381 379 4445 339.
404 4382 480 4445 412.
504 4383 579 4445 445.
604 4384 679 4447 455.
711 4383 786 4446 464.
811 4384 887 4447 475.
912 4384 985 4446 514.
1020 4383 1095 4446 546.
1120 4383 1194 4445 596.
1224 4381 1298 4444 661.
1325 4381 1398 4444 662.
1421 4381 1505 4443 070.
1539 4380 1613 4443 743.
1639 4379 1712 4442 798.
1738 4379 1812 4442 666.
1838 4379 1913 4442 899.
1939 4379 2017 4476 927.

205 4489 279 4553 942.
305 4488 381 4554 977.
408 4487 504 4552 1003.
532 4489 626 4554 1005.
653 4490 748 4555 1019.
776 4489 870 4553 1028.
898 4490 992 4552 1045.

310 4593 443 4659 Horum
466 4595 572 4660 maior
594 4617 673 4681 pars
697 4593 835 4660 exhibet
851 4594 986 4659 nomina
1003 4594 1154 4681 propria,
1178 4615 1232 4656 vv.
1252 4594 1326 4657 596.
1344 4595 1418 4658 977.
1439 4593 1533 4656 1019.
1553 4592 1637 4658 1028
1654 4590 1760 4656 verba
1776 4602 1918 4655 externa
1934 4592 2014 4656 ele·

204 4703 402 4790 phantes,
442 4700 672 4790 cylindris,
712 4702 958 4780 adamanta,
994 4701 1260 4788 elephantos.
1307 4699 1426 4785 Itaque
1460 4720 1503 4764 ne
1537 4719 1596 4764 eos
1632 4698 1769 4785 quidem
1804 4719 1920 4762 versus
1955 4697 2016 4760 im·

204 4808 397 4895 probemus.
445 4807 517 4874 Sed
539 4808 640 4874 valde
664 4799 961 4895 reprehendendus
986 4821 1036 4873 est

524 4966 556 5007 v.
581 4944 656 5007 234.
703 4942 802 5008 Hanc
826 4941 981 5007 habitant
1004 4942 1157 5006 homines
1180 4941 1275 5006 multi
1297 4941 1492 5026 pariterque
1516 4940 1678 5025 opulenti,

204 5099 283 5143 nam
306 5076 386 5144 boni
409 5089 532 5164 poetae
555 5077 705 5143 Romani
728 5077 836 5144 vitant
859 5077 891 5140 in
915 5074 983 5140 fine
1006 5075 1194 5140 hexametri
1217 5073 1377 5140 Latinum
1400 5073 1546 5138 ionicum
1571 5095 1592 5138 a
1615 5074 1743 5138 minore
1767 5093 1906 5159 ponere.
