4592 5766
1049 379 1154 480 99

302 591 571 660 Christianorum
617 592 700 658 deus
747 594 928 680 opponitur
963 591 1039 678 Jovi
1083 615 1138 656 vv.
1174 593 1346 656 174-179
1393 591 1590 656 Aemilius
1633 591 1779 658 Paulus
1826 593 2006 679 placavit

197 701 335 787 Jovem
371 699 578 788 Capitolia
601 699 749 786 templa
786 711 999 777 tenentem,
1035 699 1287 785 omnipotens
1323 699 1392 764 sed
1427 710 1465 764 te
1501 700 1785 784 (Anastasium)
1822 723 2006 789 superum

197 809 412 894 conspexit
447 806 495 872 ab
519 828 612 872 arce
635 808 792 872 numina
814 809 1044 894 placantem
1067 806 1262 872 caelestia
1286 808 1437 892 templa
1460 807 1641 870 tenentis.

299 975 354 1016 vv.
379 907 682 1014 211-16'1nentio
706 949 745 1013 fit
765 949 914 1037 Josephi‚
949 961 1077 1037 quanta
1100 947 1265 1036 pudicitia
1285 962 1319 1013 et
1343 948 1507 1035 sapientia
1530 945 1639 1026 fuerit,
1663 949 1835 1036 quomodo
1852 947 2006 1014 Pharao·

195 1058 245 1122 nis
268 1057 396 1122 somnia
420 1057 659 1142 interpretatus
683 1056 735 1135 sit,
772 1056 944 1144 quomodo
984 1056 1191 1120 frumentum
1226 1056 1353 1121 horreis
1389 1055 1538 1121 condens
1572 1055 1766 1144 Aegyptios
1790 1079 1811 1121 a
1834 1055 1923 1122 farne
1947 1055 2005 1121 de·

194 1163 352 1229 leuderit.

300 1307 396 1372 Deus
419 1306 545 1393 ubique
569 1327 731 1393 praesens
755 1307 932 1371 invocatur
955 1329 988 1370 v.
1014 1307 1077 1370 309
1102 1327 1153 1393 sq.
1201 1303 1365 1384 Numen,
1389 1304 1495 1392 quod
1520 1306 1684 1385 caelum,
1719 1319 1877 1385 terram,
1912 1326 2004 1393 pon·

195 1428 356 1501 tumque
392 1414 543 1493 revisit,
574 1412 764 1480 Ausoniis
799 1425 932 1479 servet
963 1413 1098 1501 regnis
1133 1414 1231 1478 haec
1267 1433 1429 1477 munera
1464 1434 1631 1500 semper.
1708 1458 1710 1463 -

301 1538 396 1617 Quin
412 1540 513 1604 etiam
529 1537 632 1604 biblia
649 1549 958 1604 commemorantur
976 1560 1007 1601 v.
1026 1540 1090 1603 280
1107 1535 1257 1602 Sancta
1287 1537 1376 1624 pios
1406 1537 1584 1602 homines
1615 1549 1816 1601 testantur
1841 1538 2003 1624 scripta.

301 1662 490 1752 Periegesis
526 1675 700 1731 auctorem
724 1662 803 1728 dico
827 1675 956 1728 certam
982 1663 1180 1750 religionem
1204 1663 1340 1726 omnino
1364 1683 1431 1727 non
1453 1662 1615 1748 profiteri.

299 1804 389 1873 Sane
424 1793 543 1870 verum
578 1817 628 1870 est
663 1805 708 1885 id,
744 1804 838 1891 quod
865 1806 1066 1891 interpretes
1089 1816 1208 1870 notant
1232 1801 1289 1888 (cf.
1314 1805 1355 1870 C.
1379 1803 1581 1869 Muellerum
1604 1804 1625 1868 1.
1650 1824 1679 1868 c.
1704 1827 1738 1890 p.
1762 1803 1897 1887 XXX),
1931 1803 2006 1869 Pri-

192 1914 342 1978 scianum
367 1933 484 1978 omnes
507 1914 611 1990 locos,
635 1912 755 1999 quibus
771 1911 954 1999 Dionysius
978 1912 1130 1976 ethnicos
1153 1911 1236 1977 deos
1260 1911 1376 1977 laudet
1396 1923 1455 1976 aut
1475 1911 1593 1976 Musas
1608 1911 1754 1989 invocet,
1778 1911 2005 1998 supprimere3

192 2022 254 2087 sed
277 2043 343 2086 non
358 2020 575 2107 probandum
592 2032 643 2084 est
669 2019 768 2084 illud:
795 2018 1070 2105 Quaecunque
1094 2020 1161 2084 ille
1185 2018 1354 2085 subinde
1377 2018 1425 2084 de
1448 2017 1694 2106 singulorum
1718 2018 1884 2084 deorum
1908 2019 2004 2084 ceri-

193 2129 345 2206 moniis,
394 2127 547 2205 ritibus,
583 2127 708 2214 orgiis
745 2138 812 2191 aut
846 2126 935 2191 aliis
978 2125 1096 2191 rebus
1131 2126 1447 2212 superstitiones
1481 2125 1692 2213 gentilium
1727 2124 2004 2190 redolentibus

193 2236 399 2313 immiscet,
423 2235 522 2300 haec
546 2234 948 2319 studiosepraeterit.
995 2232 1086 2297 Nam
1110 2255 1147 2298 re
1171 2255 1253 2298 vera
1275 2233 1450 2320 gentilium
1473 2233 1566 2310 ritus,
1590 2233 1687 2318 orgia
1710 2232 1864 2319 aliaeque
1888 2254 2004 2319 super-

192 2343 343 2407 stitiones
368 2352 674 2407 commemorantur
690 2341 782 2405 velut
805 2363 836 2404 v.
853 2341 917 2405 489
936 2361 1009 2427 sqq.
1057 2339 1207 2404 Dianas
1230 2337 1316 2405 fons
1340 2353 1399 2405 est
1424 2389 1431 2402 .
1457 2388 1465 2404 .
1491 2389 1498 2403 .
1524 2361 1638 2426 quem
1661 2339 1692 2402 si
1714 2341 1800 2426 quis
1825 2338 2004 2404 manibus

194 2470 269 2514 non
294 2450 418 2515 castis
442 2448 622 2513 hauserit
646 2469 828 2534 unquam,
866 2447 1053 2512 laetifico
1077 2448 1207 2512 tristis
1230 2470 1304 2512 non
1327 2448 1468 2512 miscet
1491 2447 1638 2533 pocula
1672 2445 1845 2530 Baccho,
1870 2471 1901 2512 v.
1938 2447 2003 2512 560

108 2589 110 2594 ·
192 2556 269 2622 Hic
292 2557 444 2620 animas
463 2554 679 2643 perhibent
701 2556 865 2620 heroum
888 2554 1006 2619 laude
1040 2567 1227 2641 potentes
1262 2553 1412 2641 degere
1435 2575 1608 2631 securas,
1631 2576 1663 2617 v.
1682 2555 1746 2617 586
1763 2575 1811 2640 sq.
1859 2552 2004 2639 lnqui-

191 2663 263 2728 bus
301 2684 445 2728 uxores
480 2662 682 2728 Amnitum
717 2662 922 2727 Bacchica
958 2682 1073 2727 sacra
1117 2659 1404 2727 concelebrant
1438 2659 1613 2725 hederae
1646 2659 1753 2724 foliis
1788 2672 2003 2747 tectaeque

193 2770 406 2859 corymbis,
452 2794 483 2834 v.
536 2772 599 2834 775
638 2769 699 2858 [sq.
748 2768 837 2846 Qua
883 2769 1072 2856 nymphas
1118 2767 1327 2855 perhibent
1375 2767 1559 2833 comitem
1598 2767 1781 2852 rapuisse
1827 2769 2005 2854 potentis

190 2877 374 2944 Alcidae.

298 3020 391 3098 Quin
414 3022 517 3086 etiam
539 3020 692 3107 potentia
715 3019 830 3084 divina
852 3018 972 3104 plurali
1008 3017 1227 3104 significatur,
1261 3038 1329 3103 quo
1352 3017 1401 3080 uti
1435 3015 1653 3080 christianum
1688 3015 1822 3080 minime
1847 3015 2004 3094 decebat,

192 3154 223 3194 v.
249 3131 312 3194 387
336 3127 412 3192 Hic
442 3127 522 3191 illis
557 3126 667 3191 aliud
700 3136 921 3212 posuerunt
954 3125 1113 3188 numina
1146 3135 1373 3188 monstrum.

299 3253 511 3319 Priscianum
546 3251 764 3317 christianum
799 3247 899 3315 fuisse
923 3247 1119 3312 Dodwellus
1153 3259 1188 3312 et
1222 3269 1299 3312 eum
1332 3259 1510 3334 sequentes
1533 3246 1791 3312 Wemsdorfius
1815 3247 1937 3334 aliique
1961 3269 2002 3313 eo

191 3361 340 3448 inprimis
363 3361 440 3425 loco
464 3358 664 3425 confirmare
688 3358 818 3435 volunt,
854 3355 911 3421 ubi
935 3355 978 3420 de
1002 3354 1230 3420 Phoenicibus
1252 3355 1338 3418 haec
1362 3353 1536 3420 dicuntur:
1571 3377 1603 3418 v.
1633 3355 1697 3418 846
1721 3377 1769 3442 sq.
1794 3353 2002 3420 Chaldaeo

191 3467 350 3531 nimium
385 3465 617 3532 decoratam
653 3464 846 3552 sanguine
876 3476 1036 3550 gentem
1060 3461 1299 3548 arcanisque
1330 3460 1395 3526 dei
1419 3462 1664 3528 celebratam
1688 3461 1845 3549 legibus
1875 3484 1999 3527 unam.

191 3575 349 3661 Namque
374 3595 450 3638 cum
471 3571 653 3659 Dionysius
677 3593 744 3636 non
758 3570 948 3658 prodiderit
964 3567 1153 3634 Phoenices
1178 3590 1198 3633 a
1222 3566 1404 3633 Chaldaeis
1428 3568 1637 3634 descendere
1661 3569 1720 3634 sed
1744 3568 1787 3634 ab
1804 3568 2002 3657 Erythraeis

191 3677 248 3764 (cs.
265 3680 407 3766 Dionys.
429 3703 459 3743 v.
478 3681 567 3762 906),
591 3679 636 3741 illi
659 3679 721 3746 viri
745 3676 839 3742 docti
863 3677 1032 3742 coniciunt
1056 3676 1219 3762 originem
1242 3674 1461 3754 Phoenicum,
1485 3696 1563 3740 cum
1586 3675 1706 3762 quibus
1730 3674 1846 3739 ludaei
1870 3676 2002 3740 misceri

189 3786 379 3865 videantur,
396 3809 473 3851 eam
488 3786 533 3852 ob
550 3806 688 3850 causam
705 3782 920 3849 aChaldaeis
937 3783 1071 3862 deduci,
1095 3782 1189 3870 quod
1204 3781 1248 3847 ab
1265 3783 1315 3845 his
1327 3781 1544 3847 Abrahamus
1561 3783 1755 3869 patriarcha
1772 3782 1931 3847 oriundus
1947 3784 1998 3848 sit.

191 3893 377 3958 Praeterea
401 3892 508 3958 verba
531 3905 691 3979 gentem
721 3892 880 3957 arcanis
903 3891 968 3956 dei
992 3890 1238 3956 celebratam
1261 3889 1414 3977 legibus
1444 3911 1558 3954 unam
1582 3911 1648 3954 non
1672 3889 1717 3954 ad
1740 3890 1840 3954 aliam
1863 3904 2000 3977 gentem

190 4013 349 4087 spectare
372 4021 472 4086 posse
499 3999 562 4063 nisi
586 3999 631 4063 ad
653 3997 841 4076 Hebraeos,
876 3996 1066 4063 Abrahami
1089 4009 1253 4083 posteros.
1300 3995 1400 4073 Quae
1424 3996 1596 4062 conclusio
1635 3997 1788 4083 quaesita
1823 4009 1856 4061 et
1879 4020 2000 4084 parum

188 4106 376 4171 verisimilis
399 4105 532 4170 videtur
555 4126 637 4170 esse.
661 4104 830 4192 Equidem
854 4117 937 4190 puto
962 4127 980 4169 e
1004 4128 1058 4168 vv.
1084 4106 1148 4168 846
1173 4126 1245 4192 sqq.
1270 4104 1350 4169 nihil
1373 4103 1464 4169 aliud
1487 4103 1590 4181 effici,
1626 4126 1728 4191 quam
1751 4117 1788 4169 ut
1812 4104 2000 4170 Phoenices

188 4236 210 4278 a
227 4212 408 4278 Chaldaeis
425 4214 489 4277 orti
505 4234 613 4300 aeque
629 4225 732 4297 atque
748 4212 782 4275 hi
806 4212 967 4276 arcanis
990 4211 1054 4276 d'ei
1089 4210 1246 4298 legibus
1270 4211 1475 4277 celebrata
1497 4233 1594 4298 gens
1618 4212 1694 4276 sint.
1719 4211 1884 4277 Chaldaei
1900 4215 2000 4298 primi

188 4327 325 4386 cursum
355 4321 525 4385 stellarum
550 4319 778 4385 observabant
806 4331 908 4406 atque
934 4317 1185 4405 intellegebant,
1220 4319 1323 4382 iidem
1351 4319 1451 4405 primi
1476 4318 1718 4383 astronomiam
1745 4331 1778 4382 et
1813 4339 2000 4383 arcanam

189 4427 410 4513 astrologiam
444 4426 611 4492 colebant.
658 4425 843 4492 Praeterea
878 4436 971 4490 recte
995 4422 1135 4489 Camers
1169 4426 1298 4489 monuit
1321 4425 1523 4491 Ciceronem
1550 4426 1583 4489 in
1610 4425 1703 4491 libris
1726 4425 1769 4490 de
1793 4423 2000 4490 divinatione

189 4533 442 4599 Chaldaeorum
459 4534 662 4599 mentionem
678 4531 792 4599 lacere
809 4545 846 4596 ut
862 4533 1132 4610 vaticinatorum,
1146 4553 1324 4618 augurum,
1342 4534 1547 4598 somniorum
1565 4534 1797 4619 interpretum,
1810 4553 1998 4619 magorum.

189 4640 248 4705 Ad
271 4641 332 4706 has
356 4652 447 4705 artes
470 4662 641 4706 arcanae
665 4642 774 4727 leges
798 4639 878 4703 mihi
902 4637 1060 4703 videntur
1083 4637 1287 4704 referendae
1311 4661 1382 4705 esse
1407 4641 1608 4727 minimeque
1632 4638 1678 4703 ad
1702 4640 1794 4724 leges
1817 4637 1922 4702 Musis
1946 4640 2000 4703 vel

189 4744 399 4813 ludaeorum.
424 4747 514 4811 Nam
538 4747 621 4834 quid
645 4747 848 4813 arbitramur
872 4747 974 4811 luisse
999 4767 1133 4822 causae,
1163 4767 1224 4810 cur
1247 4744 1448 4826 Priscianus,
1474 4749 1499 4811 si
1524 4769 1641 4813 verum
1664 4757 1751 4811 esset
1775 4767 1851 4809 eum
1875 4745 1999 4832 ubique

189 4874 369 4941 personam
405 4853 620 4919 christianam
654 4877 736 4941 prae
761 4876 797 4919 se
832 4855 945 4918 tulisse
981 4851 1039 4938 (cs.
1064 4864 1178 4918 notam
1211 4853 1266 4916 ad.
1296 4855 1360 4917 846
1396 4855 1428 4917 in
1451 4853 1674 4919 Wernsdorfii
1702 4852 1863 4936 editione)
1886 4853 1998 4940 gentis

188 4960 251 5025 sibi
273 4959 360 5026 bene
384 4972 485 5026 notae
509 4961 720 5040 ludaeorum,
746 4983 788 5026 ex
801 4982 869 5049 qua
885 4981 1028 5049 magnus
1045 4959 1244 5025 Nazarenus
1268 4972 1437 5038 natusest,
1462 4983 1584 5026 nomen
1600 4961 1819 5046 pronuntiare
1840 4959 2000 5047 neglege·

189 5065 264 5132 ret?
311 5065 434 5132 Nonne
456 5089 577 5154 parum
590 5069 766 5132 verisimile
780 5081 829 5132 est
842 5067 985 5133 eundem
1010 5067 1225 5131 christianum
1242 5067 1498 5152 paraphrasten,
1522 5068 1579 5153 qui
1594 5066 1749 5156 Dionysii
1773 5065 1816 5130 de
1833 5066 2000 5153 Byzantio

1514 5194 1518 5200 .
1865 5171 1897 5224 3*
