4592 5766
1050 462 1121 477 tvvs.
1132 461 1154 474 ⁸«ae

194 589 388 676 Assyrios
423 589 492 654 sed
527 589 680 654 claudit
714 589 924 669 Ponticus,
964 591 1048 654 1040
1083 611 1131 675 sq.
1175 589 1216 669 (δ’
1250 610 1281 650 v.
1316 588 1413 668 1134)
1456 583 1509 650 At
1549 586 1679 650 notios
1714 587 1883 674 pelagus
1918 605 2008 650 con·

194 695 323 761 cludit
357 698 519 784 gurgite
544 695 721 761 Rubrum
735 720 744 775 ;
780 695 849 762 sed
872 694 1036 785 Ganges
1072 707 1181 761 ortus
1216 707 1254 758 et
1278 691 1484 758 Caucasus
1508 693 1661 778 excipit
1689 703 1851 758 arctum.
1899 689 2009 757 Porro

195 806 296 891 plane
319 804 432 891 inepte
456 816 634 869 vertuntur
657 803 811 891 Dionysii
833 827 887 867 vv.
915 805 978 867 722
1002 825 1053 891 sq.

665 1022 684 1089 ri
703 1020 743 1090 δή
759 1019 851 1080 πολλοὶ
870 1028 920 1097 μὲν
939 1021 1015 1080 ἄλλα
1033 1017 1214 1102 μετ’ἇνδρασι
1232 1017 1363 1092 θαύματ’
1383 1017 1469 1095 α’ίξει,

667 1147 736 1219 φύει
755 1143 783 1205 δὲ
802 1144 980 1227 κρύσταὶλον
999 1143 1191 1226 ἰδ’ἠιρόισσαν
1209 1143 1319 1201 taionis:

666 1327 778 1392 Multa
802 1325 937 1413 quidem
961 1337 1107 1413 generat
1129 1325 1207 1388 viris
1231 1323 1391 1390 miracula
1415 1345 1537 1402 rerum,

666 1441 737 1508 Sed
760 1455 874 1507 tamen
897 1441 1039 1529 egregio
1064 1440 1213 1529 crystalli
1235 1440 1388 1527 pondere
1411 1461 1592 1528 gemmam.

197 1691 275 1756 Hoc
307 1691 383 1756 loco
408 1690 601 1755 Priscianus
635 1703 778 1778 propter
801 1693 928 1770 arv-ts,
958 1689 1011 1754 cui
1046 1689 1125 1753 nihil
1160 1689 1221 1752 nisi
1255 1690 1306 1754 vis
1345 1689 1539 1776 copulativa
1573 1689 1669 1768 inest,
1704 1689 1797 1776 quod
1832 1701 1933 1755 et·et
1958 1689 2012 1753 vel

198 1809 394 1864 cum-tum
417 1797 503 1862 verti
526 1808 671 1884 poterat,
696 1796 911 1862 adversativo
936 1795 1005 1861 sed
1027 1808 1160 1860 tamen
1182 1795 1416 1861 concessivum
1438 1795 1596 1883 quidem
1621 1797 1789 1883 opposuit.

305 1949 427 2036 Aeque
462 1960 593 2014 tamen
627 1949 696 2012 vim
728 1947 978 2014 adversativam
1013 1946 1181 2034 perdidit:
1223 1969 1255 2009 v.
1281 1949 1322 2012 36
1360 1968 1408 2033 sq.
1444 1948 1486 2030 (δ’
1515 1971 1547 2011 v.
1573 1949 1631 2033 27)
1672 1945 1791 2012 Talia
1826 1949 2013 2011 mortales

197 2055 412 2144 perhibent
447 2054 680 2121 discrimina
714 2067 855 2120 terrae.
902 2052 1059 2119 Circuit
1094 2053 1234 2119 oceani
1268 2072 1417 2141 gurges
1452 2065 1648 2118 tamen..
1674 2101 1705 2132 .‚
1734 2057 1798 2122 250
1823 2076 1872 2140 sq.
1919 2056 2012 2137 (lav.

199 2164 278 2246 260)
308 2161 420 2227 Haec
454 2159 581 2228 facies
608 2160 770 2250 Libyes,
808 2161 872 2226 hic
907 2160 1062 2226 claudit
1096 2160 1287 2224 terminus
1322 2158 1439 2223 illam.
1487 2157 1586 2225 Sunt
1620 2172 1750 2226 tamen
1785 2161 1876 2225 huic
1909 2161 2013 2225 aliae

198 2281 340 2358 gentes
364 2317 373 2333 .
399 2319 406 2333 .
433 2318 461 2348 .‚
499 2271 560 2336 541
587 2290 662 2356 sqq.
710 2270 755 2352 (v.
791 2270 855 2336 519
891 2269 1006 2349 vacat)
1174 2278 1265 2331 sunt
1298 2267 1452 2331 insulae
1491 2267 1638 2355 Abydi,
1674 2251 1857 2333 contines
1889 2266 2012 2332 Asiae

199 2374 371 2440 dextrae
416 2375 680 2462 Europesque
730 2375 938 2450 sinistrae3
985 2375 1036 2438 ad
1069 2373 1232 2439 boream
1267 2385 1398 2438 tamen
1433 2374 1506 2439 hae
1541 2373 1818 2461 pertendunt.
1845 2425 1851 2438 .
1878 2423 1911 2454 .‚
1948 2380 2011 2442 655

199 2484 242 2566 (δ’
261 2504 293 2546 v.
312 2482 391 2564 666)
408 2503 508 2547 cursu
525 2481 653 2546 Tanais
674 2480 817 2546 fluminis
841 2479 1015 2568 descripto
1038 2481 1254 2546 continuatur
1295 2479 1410 2547 Hunc
1445 2493 1575 2546 tamen
1610 2481 1733 2547 vertit
1766 2483 1802 2545 in
1840 2481 2013 2569 glaciem

197 2589 354 2668 boreas,
386 2591 450 2656 813
483 2611 532 2676 sq.
557 2591 707 2672 (sat-ptr
741 2611 773 2651 v.
797 2590 876 2671 866)
922 2586 1036 2652 Hunc
1075 2588 1196 2652 Asiae
1232 2587 1447 2674 perhibent
1482 2589 1661 2676 angustis
1696 2587 1881 2674 partibus
1917 2609 2013 2652 esse.

199 2694 275 2761 Cui
308 2709 440 2761 tamen
475 2697 663 2760 immenso
698 2693 808 2759 fluvii
832 2715 873 2758 se
897 2695 1058 2781 gurgite
1086 2695 1264 2773 miscent,
1289 2696 1353 2762 916
1378 2696 1420 2778 (δ’
1439 2717 1470 2758 v,
1495 2695 1576 2781 992)
1599 2694 1784 2781 Euphratis
1810 2706 1844 2760 et
1859 2694 2015 2782 Tigridis

200 2803 427 2890 descriptione
475 2804 633 2868 contecta
679 2802 801 2867 dicitur
859 2799 945 2866 Hoc
991 2812 1122 2866 tamen
1168 2823 1280 2866 omne
1326 2803 1469 2881 solum,
1526 2802 1675 2866 fluvius
1733 2801 1839 2889 quod
1885 2802 2012 2889 cingit

199 2922 370 2998 uterque
396 2961 403 2974 .
429 2960 469 2978 ..

306 3061 362 3126 W.
387 3059 422 3127 S.
446 3061 634 3126 Teuffelius
662 3063 695 3124 in
718 3060 804 3124 libro
837 3059 1065 3138 „Geschichte
1089 3058 1150 3123 der
1174 3059 1378 3126 Romischen
1402 3058 1595 3125 Literatur“
1619 3062 1636 3143 ξ
1660 3060 1757 3138 481,2
1782 3059 1825 3124 de
1850 3059 2014 3124 Prisciani

198 3169 442 3233 institutionum
473 3168 772 3256 grammaticarum
803 3165 897 3231 libris
930 3165 1095 3230 disserens
1125 3164 1209 3231 dicit
1241 3165 1424 3231 dictionem
1459 3167 1557 3232 huius
1579 3164 1735 3255 [auctoris
1759 3167 1915 3231 vitiosam
1939 3188 2011 3232 esse

199 3296 324 3363 magna
362 3274 566 3340 verbositate
605 3274 816 3360 eundemque
855 3271 899 3337 de
938 3283 1093 3338 correcta
1132 3273 1354 3338 collocatione
1390 3272 1570 3338 verborum
1608 3273 1768 3339 sermonis
1803 3271 1919 3337 Latini
1952 3273 2012 3336 vix

199 3381 355 3446 umbram
390 3381 617 3466 experientiae
652 3379 818 3445 habuisse.
865 3377 961 3444 Prius
995 3379 1112 3444 vitium
1146 3379 1180 3442 in
1214 3379 1381 3468 periegesi
1409 3380 1594 3466 vituperari
1617 3401 1683 3444 non
1706 3391 1829 3466 potest,
1854 3379 2014 3467 quoniam

199 3489 441 3575 paraphrastes
465 3509 531 3552 non
555 3509 615 3552 sua
638 3487 699 3553 sed
722 3488 830 3553 aliena
852 3487 992 3572 prolert.
1038 3484 1153 3550 Etiam
1175 3487 1406 3574 panegyricus
1430 3508 1497 3550 non
1514 3486 1691 3552 verbosior
1713 3497 1762 3552 est
1785 3508 1888 3572 quam
1909 3486 1941 3549 in
1958 3486 2017 3560 tali

199 3593 395 3659 laudatione
420 3606 647 3680 exspectatur.
695 3591 801 3670 Quod
825 3605 944 3658 contra
968 3593 1012 3658 ad
1035 3591 1217 3657 verborum
1238 3593 1496 3658 collocationem
1524 3593 1654 3670 attinet,
1678 3593 1864 3682 periegesis
1881 3592 2017 3657 minime

199 3722 221 3765 a
252 3700 514 3786 reprehensione
544 3700 690 3764 Teuffeli
714 3699 853 3765 delendi
876 3711 1003 3784 potest,
1034 3719 1113 3764 cum
1142 3699 1370 3787 panegyricus
1400 3699 1565 3788 insignem
1588 3700 1686 3765 huius
1710 3701 1758 3765 rei
1783 3722 1898 3766 curam
1922 3710 2016 3786 agat.

200 3805 278 3870 Hoc
301 3806 482 3872 discrimen
506 3807 652 3871 maxime
676 3806 827 3871 videmus
851 3807 998 3871 animum
1022 3805 1232 3870 intendentes
1257 3805 1303 3871 ad
1328 3806 1587 3872 collocationem
1609 3809 1863 3893 particularum.

306 3964 502 4030 Secundum
525 3965 684 4053 loquendi
696 3988 793 4030 usum
805 3965 964 4030 Latinum
977 3966 1130 4032 causales
1150 3989 1242 4032 nam
1265 3979 1299 4032 et
1323 3989 1503 4054 namque
1537 3967 1640 4032 modo
1653 3968 1686 4030 in
1717 3967 1810 4032 initio
1834 3968 2019 4032 sententiae

199 4084 379 4158 ponuntur.
428 4072 528 4150 Quae
563 4072 619 4136 lex
654 4072 688 4135 in
721 4073 933 4160 panegyrico
963 4073 1011 4137 ita
1034 4087 1197 4152 servatur,
1220 4087 1257 4140 ut
1281 4095 1458 4160 namque
1482 4095 1618 4161 semper
1642 4075 1845 4162 (quinquies)
1868 4074 2018 4161 primum

201 4178 346 4244 verbum
381 4179 618 4244 enuntiationis
653 4179 694 4243 sit
729 4202 783 4244 vv.
809 4182 839 4243 4.
868 4181 995 4244 1633.
1023 4181 1095 4245 156.
1121 4181 1196 4259 232,
1231 4205 1321 4248 nam
1356 4183 1462 4248 octies
1496 4184 1641 4267 primum
1665 4205 1718 4246 vv.
1744 4183 1796 4246 29.
1810 4182 1868 4268 50.
1891 4185 1942 4247 58.
1965 4184 2018 4246 90.

200 4286 277 4349 220.
303 4285 377 4350 273.
402 4286 477 4350 290.
504 4289 567 4351 293
592 4298 626 4350 et
661 4298 782 4372 quater
816 4287 1003 4351 secundum
1031 4309 1084 4351 vv.
1108 4294 1138 4354 8.
1164 4290 1216 4353 36.
1243 4291 1294 4352 61.
1320 4290 1394 4353 215.
1442 4287 1478 4352 ln
1499 4289 1667 4376 periegesi
1688 4301 1808 4354 contra
1830 4310 1899 4354 non
1913 4287 2018 4353 modo

200 4391 437 4479 quaterdecies
469 4414 561 4456 nam
585 4393 694 4479 primo
717 4393 794 4457 loco
818 4393 985 4457 invenitur
1007 4415 1061 4458 vv.
1088 4397 1139 4459 66.
1166 4396 1240 4459 392.
1267 4398 1342 4460 534.
1367 4397 1442 4460 603.
1468 4397 1541 4461 765.
1566 4397 1639 4460 778.
1663 4397 1736 4460 796.
1755 4397 1829 4460 822.
1851 4398 1925 4460 875.
1946 4397 2021 4461 801.

201 4499 276 4562 924.
309 4499 383 4562 979.
419 4499 513 4562 1074.
548 4501 631 4564 1085
663 4511 697 4563 et
726 4500 849 4585 septies
885 4500 992 4565 altero
1028 4522 1082 4563 vv.
1111 4503 1182 4565 122.
1211 4503 1285 4565 634.
1312 4503 1385 4566 703.
1412 4503 1485 4567 871.
1512 4503 1586 4568 920.
1611 4504 1686 4567 998.
1714 4503 1796 4566 1007
1822 4501 1882 4567 sed
1917 4503 2020 4567 etiam

201 4617 253 4669 ter
287 4605 388 4670 tertio
422 4606 499 4669 loco
523 4607 645 4670 νν.43.
661 4608 733 4670 149.
748 4607 822 4670 255.
859 4604 943 4670 ltem
978 4628 1156 4693 namque
1192 4629 1258 4672 non
1294 4609 1397 4673 modo
1432 4608 1546 4674 novies
1569 4609 1679 4696 primo
1702 4609 1779 4675 loco
1802 4609 1940 4695 ponitur
1967 4631 2021 4672 vv,

205 4711 277 4773 172.
313 4712 386 4779 182.
420 4713 495 4776 388.
526 4713 601 4775 429.
628 4715 701 4776 733.
727 4713 801 4776 842.
828 4715 901 4776 877.
929 4716 1003 4779 966.
1032 4716 1126 4793 1060,
1162 4712 1224 4778 sed
1258 4713 1360 4778 etiam
1394 4714 1446 4780 bis
1470 4716 1620 4780 secundo
1643 4738 1698 4780 vv.
1724 4716 1798 4778 262.
1824 4717 1888 4779 497
1914 4727 2017 4802 atque

200 4819 307 4882 semel
329 4817 535 4904 ineptissime
559 4819 675 4906 quinto
700 4841 731 4882 v,
757 4820 832 4883 436.

308 4977 417 5043 Porro
456 5001 522 5044 non
559 4979 803 5066 vituperandus
839 4993 888 5045 est
924 4981 957 5043 in
989 4983 1200 5068 panegyrico
1234 4981 1318 5046 ordo
1351 4982 1651 5048 adversativarum.
1699 4985 1756 5049 At
1780 5006 1915 5072 semper
1939 4983 2020 5070 (ter)

199 5083 346 5170 primum
381 5086 493 5150 locum
527 5086 631 5150 habet
665 5109 719 5150 vv.
746 5089 797 5151 70.
823 5088 875 5151 82.
904 5088 976 5164 123,
1012 5087 1086 5152 sed
1120 5089 1297 5174 quinquies
1317 5089 1464 5175 primum
1483 5113 1537 5154 vv.
1563 5093 1614 5156 55.
1643 5093 1715 5156 191.
1741 5093 1816 5155 205.
1844 5093 1919 5156 259.
1945 5093 2023 5170 296,
